<?xml version="1.0" encoding="UTF-8"?>
<!DOCTYPE html PUBLIC "-//W3C//DTD XHTML 1.0 Transitional//EN"
    "http://www.w3.org/TR/xhtml1/DTD/xhtml1-transitional.dtd">
<html xmlns="http://www.w3.org/1999/xhtml" xml:lang="en" lang="en">
 <head>
  <title>
</title>
<meta http-equiv="Content-Type" content="text/html;charset=utf-8" />
  <meta name='ocr-system' content='tesseract 3.04.00' />
  <meta name='ocr-capabilities' content='ocr_page ocr_carea ocr_par ocr_line ocrx_word'/>
</head>
<body>
  <div class='ocr_page' id='page_1' title='image "./modustenendipar01offigoog/modustenendipar01offigoog_0044.png"; bbox 0 0 2887 5150; ppageno 0'>
   <div class='ocr_carea' id='block_1_1' title="bbox 446 1312 2119 1392">
    <p class='ocr_par' dir='ltr' id='par_1_1' title="bbox 446 1312 2119 1392">
     <span class='ocr_line' id='line_1_1' title="bbox 446 1312 2119 1392; baseline 0.004 -7"><span class='ocrx_word' id='word_1_1' title='bbox 446 1312 740 1386; x_wconf 87' lang='lat' dir='ltr'>MODUS</span> <span class='ocrx_word' id='word_1_2' title='bbox 809 1312 1197 1388; x_wconf 81' lang='lat' dir='ltr'>TENENDI</span> <span class='ocrx_word' id='word_1_3' title='bbox 1269 1314 1995 1392; x_wconf 83' lang='lat' dir='ltr'><strong>PARLIAMENTUM.</strong></span> <span class='ocrx_word' id='word_1_4' title='bbox 2114 1316 2119 1319; x_wconf 72' lang='grc'><strong>’</strong></span> 
     </span>
    </p>
   </div>
   <div class='ocr_carea' id='block_1_2' title="bbox 205 2143 2213 3072">
    <p class='ocr_par' dir='ltr' id='par_1_2' title="bbox 205 2143 2213 3072">
     <span class='ocr_line' id='line_1_2' title="bbox 329 2143 2210 2229; baseline 0.002 -20"><span class='ocrx_word' id='word_1_5' title='bbox 329 2144 476 2209; x_wconf 82' lang='lat' dir='ltr'><strong>HIO</strong></span> <span class='ocrx_word' id='word_1_6' title='bbox 541 2143 922 2209; x_wconf 81' lang='lat' dir='ltr'><strong>describitur</strong></span> <span class='ocrx_word' id='word_1_7' title='bbox 995 2145 1240 2221; x_wconf 90' lang='lat' dir='ltr'><strong>modus,</strong></span> <span class='ocrx_word' id='word_1_8' title='bbox 1317 2146 1637 2229; x_wconf 90' lang='lat' dir='ltr'><strong>quomodo</strong></span> <span class='ocrx_word' id='word_1_9' title='bbox 1706 2145 2210 2213; x_wconf 86' lang='lat' dir='ltr'><strong>Parliamentum</strong></span> 
     </span>
     <span class='ocr_line' id='line_1_3' title="bbox 209 2264 2212 2352; baseline 0.002 -23"><span class='ocrx_word' id='word_1_10' title='bbox 209 2265 412 2352; x_wconf 79' lang='lat' dir='ltr'><strong>Regis</strong></span> <span class='ocrx_word' id='word_1_11' title='bbox 458 2264 714 2351; x_wconf 80' lang='lat' dir='ltr'><strong>Angliae</strong></span> <span class='ocrx_word' id='word_1_12' title='bbox 764 2274 832 2329; x_wconf 90' lang='lat' dir='ltr'><strong>et</strong></span> <span class='ocrx_word' id='word_1_13' title='bbox 884 2265 1308 2351; x_wconf 88' lang='lat' dir='ltr'><strong>Anglicorum</strong></span> <span class='ocrx_word' id='word_1_14' title='bbox 1352 2288 1611 2331; x_wconf 87' lang='lat' dir='ltr'><strong>suorum</strong></span> <span class='ocrx_word' id='word_1_15' title='bbox 1663 2267 2003 2333; x_wconf 89' lang='lat' dir='ltr'><strong>tenebatur</strong></span> <span class='ocrx_word' id='word_1_16' title='bbox 2048 2279 2212 2337; x_wconf 89' lang='lat' dir='ltr'><strong>tem-</strong></span> 
     </span>
     <span class='ocr_line' id='line_1_4' title="bbox 207 2385 2213 2485; baseline 0.002 -36"><span class='ocrx_word' id='word_1_17' title='bbox 207 2408 362 2472; x_wconf 86' lang='lat' dir='ltr'>pore</span> <span class='ocrx_word' id='word_1_18' title='bbox 393 2385 596 2473; x_wconf 85' lang='lat' dir='ltr'><strong>Regis</strong></span> <span class='ocrx_word' id='word_1_19' title='bbox 626 2386 931 2451; x_wconf 85' lang='lat' dir='ltr'><strong>Edwardi</strong></span> <span class='ocrx_word' id='word_1_20' title='bbox 957 2386 1074 2451; x_wconf 84' lang='lat' dir='ltr'><strong>filii</strong></span> <span class='ocrx_word' id='word_1_21' title='bbox 1103 2386 1304 2485; x_wconf 85' lang='lat' dir='ltr'><strong>Regis</strong></span> <span class='ocrx_word' id='word_1_22' title='bbox 1331 2386 1745 2466; x_wconf 85' lang='lat' dir='ltr'><strong>Etheldredi3</strong></span> <span class='ocrx_word' id='word_1_23' title='bbox 1795 2388 1909 2474; x_wconf 88' lang='lat' dir='ltr'><strong>qui</strong></span> <span class='ocrx_word' id='word_1_24' title='bbox 1953 2388 2213 2475; x_wconf 88' lang='lat' dir='ltr'><strong>quidem</strong></span> 
     </span>
     <span class='ocr_line' id='line_1_5' title="bbox 208 2507 2212 2596; baseline 0.002 -25"><span class='ocrx_word' id='word_1_25' title='bbox 208 2508 433 2572; x_wconf 90' lang='lat' dir='ltr'><strong>modus</strong></span> <span class='ocrx_word' id='word_1_26' title='bbox 506 2508 811 2575; x_wconf 87' lang='lat' dir='ltr'><strong>recitatus</strong></span> <span class='ocrx_word' id='word_1_27' title='bbox 884 2507 1013 2573; x_wconf 85' lang='lat' dir='ltr'><strong>fuit</strong></span> <span class='ocrx_word' id='word_1_28' title='bbox 1085 2530 1202 2596; x_wconf 90' lang='lat' dir='ltr'><strong>per</strong></span> <span class='ocrx_word' id='word_1_29' title='bbox 1273 2508 1670 2574; x_wconf 78' lang='lat' dir='ltr'><strong>discretiores</strong></span> <span class='ocrx_word' id='word_1_30' title='bbox 1742 2510 1927 2596; x_wconf 80' lang='lat' dir='ltr'><strong>regni</strong></span> <span class='ocrx_word' id='word_1_31' title='bbox 2000 2532 2212 2577; x_wconf 88' lang='lat' dir='ltr'><strong>coram</strong></span> 
     </span>
     <span class='ocr_line' id='line_1_6' title="bbox 209 2624 2213 2716; baseline 0 -23"><span class='ocrx_word' id='word_1_32' title='bbox 209 2625 558 2693; x_wconf 83' lang='lat' dir='ltr'><strong>Willielmo</strong></span> <span class='ocrx_word' id='word_1_33' title='bbox 610 2625 800 2693; x_wconf 84' lang='lat' dir='ltr'><strong>Duce</strong></span> <span class='ocrx_word' id='word_1_34' title='bbox 851 2624 1282 2694; x_wconf 73' lang='lat' dir='ltr'><strong>Normanniae&#39;</strong></span> <span class='ocrx_word' id='word_1_35' title='bbox 1307 2635 1376 2692; x_wconf 87' lang='lat' dir='ltr'><strong>et</strong></span> <span class='ocrx_word' id='word_1_36' title='bbox 1429 2625 1868 2712; x_wconf 81' lang='lat' dir='ltr'><strong>Conquestore</strong></span> <span class='ocrx_word' id='word_1_37' title='bbox 1912 2638 1979 2694; x_wconf 87' lang='lat' dir='ltr'><strong>et</strong></span> <span class='ocrx_word' id='word_1_38' title='bbox 2026 2629 2213 2716; x_wconf 85' lang='lat' dir='ltr'><strong>Rege</strong></span> 
     </span>
     <span class='ocr_line' id='line_1_7' title="bbox 211 2744 2213 2834; baseline 0.001 -24"><span class='ocrx_word' id='word_1_39' title='bbox 211 2744 490 2832; x_wconf 85' lang='lat' dir='ltr'><strong>Angliae,</strong></span> <span class='ocrx_word' id='word_1_40' title='bbox 565 2747 704 2831; x_wconf 87' lang='lat' dir='ltr'><strong>ipso</strong></span> <span class='ocrx_word' id='word_1_41' title='bbox 763 2747 1204 2831; x_wconf 86' lang='lat' dir='ltr'><strong>Conquestore</strong></span> <span class='ocrx_word' id='word_1_42' title='bbox 1261 2745 1418 2814; x_wconf 89' lang='lat' dir='ltr'><strong>hoc¹</strong></span> <span class='ocrx_word' id='word_1_43' title='bbox 1478 2747 1907 2832; x_wconf 83' lang='lat' dir='ltr'><strong>praecipiente,</strong></span> <span class='ocrx_word' id='word_1_44' title='bbox 1969 2757 2037 2814; x_wconf 92' lang='lat' dir='ltr'><strong>et</strong></span> <span class='ocrx_word' id='word_1_45' title='bbox 2097 2771 2213 2834; x_wconf 91' lang='lat' dir='ltr'><strong>per</strong></span> 
     </span>
     <span class='ocr_line' id='line_1_8' title="bbox 207 2864 2211 2952; baseline 0.001 -23"><span class='ocrx_word' id='word_1_46' title='bbox 207 2866 418 2952; x_wconf 88' lang='lat' dir='ltr'><strong>ipsum</strong></span> <span class='ocrx_word' id='word_1_47' title='bbox 468 2864 873 2951; x_wconf 76' lang='lat' dir='ltr'><strong>approbatae,</strong></span> <span class='ocrx_word' id='word_1_48' title='bbox 927 2877 993 2932; x_wconf 89' lang='lat' dir='ltr'><strong>et</strong></span> <span class='ocrx_word' id='word_1_49' title='bbox 1036 2865 1166 2930; x_wconf 85' lang='lat' dir='ltr'><strong>suis</strong></span> <span class='ocrx_word' id='word_1_50' title='bbox 1208 2865 1603 2950; x_wconf 81' lang='lat' dir='ltr'><strong>temporibus</strong></span> <span class='ocrx_word' id='word_1_51' title='bbox 1659 2888 1734 2930; x_wconf 86' lang='lat' dir='ltr'><strong>ac</strong></span> <span class='ocrx_word' id='word_1_52' title='bbox 1794 2866 1987 2931; x_wconf 89' lang='lat' dir='ltr'><strong>etiam</strong></span> <span class='ocrx_word' id='word_1_53' title='bbox 2047 2877 2211 2933; x_wconf 91' lang='lat' dir='ltr'><strong>tem-</strong></span> 
     </span>
     <span class='ocr_line' id='line_1_9' title="bbox 205 2983 2116 3072; baseline 0 -22"><span class='ocrx_word' id='word_1_54' title='bbox 205 2985 467 3072; x_wconf 79' lang='lat' dir='ltr'><strong>poribus</strong></span> <span class='ocrx_word' id='word_1_55' title='bbox 511 2987 940 3051; x_wconf 86' lang='lat' dir='ltr'><strong>successorum</strong></span> <span class='ocrx_word' id='word_1_56' title='bbox 982 3006 1240 3052; x_wconf 90' lang='lat' dir='ltr'><strong>suorum</strong></span> <span class='ocrx_word' id='word_1_57' title='bbox 1281 3005 1511 3069; x_wconf 85' lang='lat' dir='ltr'><strong>regum</strong></span> <span class='ocrx_word' id='word_1_58' title='bbox 1543 2983 1798 3072; x_wconf 80' lang='lat' dir='ltr'><strong>Angliae</strong></span> <span class='ocrx_word' id='word_1_59' title='bbox 1826 2985 2116 3052; x_wconf 86' lang='lat' dir='ltr'><strong>usitatus.</strong></span> 
     </span>
    </p>
   </div>
   <div class='ocr_carea' id='block_1_3' title="bbox 685 3225 1733 3309">
    <p class='ocr_par' dir='ltr' id='par_1_3' title="bbox 685 3225 1733 3309">
     <span class='ocr_line' id='line_1_10' title="bbox 685 3225 1733 3309; baseline -0.004 -16"><span class='ocrx_word' id='word_1_60' title='bbox 685 3225 1154 3294; x_wconf 73' lang='lat' dir='ltr'><strong>Smmomno</strong></span> <span class='ocrx_word' id='word_1_61' title='bbox 1199 3225 1733 3309; x_wconf 65' lang='lat' dir='ltr'>PARLIAMENTI.</span> 
     </span>
    </p>
   </div>
   <div class='ocr_carea' id='block_1_4' title="bbox 208 3379 2213 4186">
    <p class='ocr_par' dir='ltr' id='par_1_4' title="bbox 209 3379 2208 3590">
     <span class='ocr_line' id='line_1_11' title="bbox 333 3379 2208 3468; baseline -0.001 -20"><span class='ocrx_word' id='word_1_62' title='bbox 333 3381 756 3448; x_wconf 83' lang='lat' dir='ltr'><strong>Summonitio</strong></span> <span class='ocrx_word' id='word_1_63' title='bbox 802 3381 1220 3447; x_wconf 82' lang='lat' dir='ltr'><strong>Parliamenti</strong></span> <span class='ocrx_word' id='word_1_64' title='bbox 1261 3381 1653 3468; x_wconf 80' lang='lat' dir='ltr'><strong>praecedere²</strong></span> <span class='ocrx_word' id='word_1_65' title='bbox 1694 3379 1889 3448; x_wconf 87' lang='lat' dir='ltr'><strong>debet</strong></span> <span class='ocrx_word' id='word_1_66' title='bbox 1931 3382 2208 3466; x_wconf 88' lang='lat' dir='ltr'><strong>primum</strong></span> 
     </span>
     <span class='ocr_line' id='line_1_12' title="bbox 209 3500 1642 3590; baseline 0.001 -26"><span class='ocrx_word' id='word_1_67' title='bbox 209 3501 376 3565; x_wconf 90' lang='lat' dir='ltr'><strong>diem</strong></span> <span class='ocrx_word' id='word_1_68' title='bbox 408 3500 826 3567; x_wconf 87' lang='lat' dir='ltr'><strong>Parliamenti</strong></span> <span class='ocrx_word' id='word_1_69' title='bbox 868 3525 984 3589; x_wconf 89' lang='lat' dir='ltr'><strong>per</strong></span> <span class='ocrx_word' id='word_1_70' title='bbox 1027 3502 1451 3590; x_wconf 79' lang='lat' dir='ltr'><strong>quadraginta</strong></span> <span class='ocrx_word' id='word_1_71' title='bbox 1493 3502 1642 3568; x_wconf 88' lang='lat' dir='ltr'><strong>dies.</strong></span> 
     </span>
    </p>

    <p class='ocr_par' dir='ltr' id='par_1_5' title="bbox 208 3620 2213 4186">
     <span class='ocr_line' id='line_1_13' title="bbox 330 3620 2205 3701; baseline 0.001 -16"><span class='ocrx_word' id='word_1_72' title='bbox 330 3621 444 3686; x_wconf 86' lang='lat' dir='ltr'><strong>Ad</strong></span> <span class='ocrx_word' id='word_1_73' title='bbox 504 3620 1008 3688; x_wconf 85' lang='lat' dir='ltr'><strong>Parliamentum</strong></span> <span class='ocrx_word' id='word_1_74' title='bbox 1074 3623 1458 3689; x_wconf 90' lang='lat' dir='ltr'><strong>summoneri</strong></span> <span class='ocrx_word' id='word_1_75' title='bbox 1531 3632 1598 3687; x_wconf 90' lang='lat' dir='ltr'><strong>et</strong></span> <span class='ocrx_word' id='word_1_76' title='bbox 1670 3623 1884 3688; x_wconf 88' lang='lat' dir='ltr'><strong>venire</strong></span> <span class='ocrx_word' id='word_1_77' title='bbox 1950 3624 2205 3701; x_wconf 90' lang='lat' dir='ltr'><strong>debent,</strong></span> 
     </span>
     <span class='ocr_line' id='line_1_14' title="bbox 209 3739 2207 3828; baseline 0.001 -25"><span class='ocrx_word' id='word_1_78' title='bbox 209 3739 456 3804; x_wconf 88' lang='lat' dir='ltr'><strong>ratione</strong></span> <span class='ocrx_word' id='word_1_79' title='bbox 519 3749 762 3806; x_wconf 86' lang='lat' dir='ltr'><strong>tenurae</strong></span> <span class='ocrx_word' id='word_1_80' title='bbox 821 3764 968 3818; x_wconf 85' lang='lat' dir='ltr'><strong>suae,</strong></span> <span class='ocrx_word' id='word_1_81' title='bbox 1029 3764 1247 3808; x_wconf 86' lang='lat' dir='ltr'><strong>omnes</strong></span> <span class='ocrx_word' id='word_1_82' title='bbox 1309 3751 1376 3807; x_wconf 89' lang='lat' dir='ltr'><strong>et</strong></span> <span class='ocrx_word' id='word_1_83' title='bbox 1441 3741 1678 3827; x_wconf 87' lang='lat' dir='ltr'><strong>singuli</strong></span> <span class='ocrx_word' id='word_1_84' title='bbox 1735 3741 2207 3828; x_wconf 85' lang='lat' dir='ltr'><strong>archiepiscopi,</strong></span> 
     </span>
     <span class='ocr_line' id='line_1_15' title="bbox 209 3858 2211 3947; baseline 0 -23"><span class='ocrx_word' id='word_1_85' title='bbox 209 3858 507 3946; x_wconf 78' lang='lat' dir='ltr'><strong>episcopi,</strong></span> <span class='ocrx_word' id='word_1_86' title='bbox 567 3861 847 3936; x_wconf 81' lang='lat' dir='ltr'><strong>abbates,</strong></span> <span class='ocrx_word' id='word_1_87' title='bbox 906 3860 1166 3947; x_wconf 86' lang='lat' dir='ltr'><strong>priores,</strong></span> <span class='ocrx_word' id='word_1_88' title='bbox 1225 3871 1290 3927; x_wconf 92' lang='lat' dir='ltr'><strong>et</strong></span> <span class='ocrx_word' id='word_1_89' title='bbox 1349 3859 1461 3925; x_wconf 84' lang='lat' dir='ltr'><strong>alii</strong></span> <span class='ocrx_word' id='word_1_90' title='bbox 1529 3859 1794 3946; x_wconf 87' lang='lat' dir='ltr'><strong>majores</strong></span> <span class='ocrx_word' id='word_1_91' title='bbox 1860 3859 2033 3936; x_wconf 90' lang='lat' dir='ltr'><strong>cleri,</strong></span> <span class='ocrx_word' id='word_1_92' title='bbox 2098 3862 2211 3946; x_wconf 88' lang='lat' dir='ltr'><strong>qui</strong></span> 
     </span>
     <span class='ocr_line' id='line_1_16' title="bbox 208 3979 2213 4065; baseline 0 -20"><span class='ocrx_word' id='word_1_93' title='bbox 208 3989 435 4046; x_wconf 89' lang='lat' dir='ltr'><strong>tenent</strong></span> <span class='ocrx_word' id='word_1_94' title='bbox 500 4002 615 4065; x_wconf 90' lang='lat' dir='ltr'><strong>per</strong></span> <span class='ocrx_word' id='word_1_95' title='bbox 674 3980 1047 4046; x_wconf 87' lang='lat' dir='ltr'><strong>comitatum</strong></span> <span class='ocrx_word' id='word_1_96' title='bbox 1103 3981 1207 4047; x_wconf 89' lang='lat' dir='ltr'><strong>vel</strong></span> <span class='ocrx_word' id='word_1_97' title='bbox 1269 3980 1616 4058; x_wconf 86' lang='lat' dir='ltr'><strong>baroniam,</strong></span> <span class='ocrx_word' id='word_1_98' title='bbox 1676 3979 1919 4046; x_wconf 86' lang='lat' dir='ltr'><strong>ratione</strong></span> <span class='ocrx_word' id='word_1_99' title='bbox 1991 3980 2213 4065; x_wconf 87' lang='lat' dir='ltr'><strong>hujus-</strong></span> 
     </span>
     <span class='ocr_line' id='line_1_17' title="bbox 212 4100 2213 4186; baseline 0.001 -20"><span class='ocrx_word' id='word_1_100' title='bbox 212 4102 384 4168; x_wconf 86' lang='lat' dir='ltr'><strong>modi</strong></span> <span class='ocrx_word' id='word_1_101' title='bbox 441 4111 704 4178; x_wconf 82' lang='lat' dir='ltr'><strong>tenurae,</strong></span> <span class='ocrx_word' id='word_1_102' title='bbox 752 4111 819 4166; x_wconf 92' lang='lat' dir='ltr'><strong>et</strong></span> <span class='ocrx_word' id='word_1_103' title='bbox 871 4100 1034 4166; x_wconf 83' lang='lat' dir='ltr'><strong>nulli</strong></span> <span class='ocrx_word' id='word_1_104' title='bbox 1093 4103 1370 4168; x_wconf 88' lang='lat' dir='ltr'><strong>minores</strong></span> <span class='ocrx_word' id='word_1_105' title='bbox 1425 4102 1554 4168; x_wconf 82' lang='lat' dir='ltr'><strong>nisi</strong></span> <span class='ocrx_word' id='word_1_106' title='bbox 1598 4124 1821 4167; x_wconf 87' lang='lat' dir='ltr'><strong>eorum</strong></span> <span class='ocrx_word' id='word_1_107' title='bbox 1877 4100 2213 4186; x_wconf 71' lang='lat' dir='ltr'><strong>praesentia</strong></span> 
     </span>
    </p>
   </div>
   <div class='ocr_carea' id='block_1_5' title="bbox 542 4328 1599 4473">
    <p class='ocr_par' dir='ltr' id='par_1_6' title="bbox 542 4328 1599 4473">
     <span class='ocr_line' id='line_1_18' title="bbox 545 4328 1285 4387; baseline 0.004 -11"><span class='ocrx_word' id='word_1_108' title='bbox 545 4330 557 4358; x_wconf 92' lang='lat'><strong>¹</strong></span> <span class='ocrx_word' id='word_1_109' title='bbox 582 4328 667 4382; x_wconf 80' lang='lat' dir='ltr'><strong>hoc</strong></span> <span class='ocrx_word' id='word_1_110' title='bbox 679 4350 696 4387; x_wconf 88' lang='lat'><strong>‚-</strong></span> <span class='ocrx_word' id='word_1_111' title='bbox 730 4344 866 4384; x_wconf 79' lang='lat' dir='ltr'><strong>some</strong></span> <span class='ocrx_word' id='word_1_112' title='bbox 888 4342 999 4380; x_wconf 71' lang='lat' dir='ltr'><strong>uss.</strong></span> <span class='ocrx_word' id='word_1_113' title='bbox 1017 4329 1150 4380; x_wconf 84' lang='lat' dir='ltr'><strong>have</strong></span> <span class='ocrx_word' id='word_1_114' title='bbox 1171 4329 1285 4379; x_wconf 74' lang='lat' dir='ltr'><strong>Iaoec.</strong></span> 
     </span>
     <span class='ocr_line' id='line_1_19' title="bbox 542 4407 1599 4473; baseline 0.002 -17"><span class='ocrx_word' id='word_1_115' title='bbox 542 4407 837 4473; x_wconf 76' lang='lat' dir='ltr'><strong>’proeoedere</strong></span> <span class='ocrx_word' id='word_1_116' title='bbox 849 4430 869 4471; x_wconf 83' lang='lat'><strong>,-</strong></span> <span class='ocrx_word' id='word_1_117' title='bbox 899 4423 1035 4458; x_wconf 76' lang='lat' dir='ltr'><strong>some</strong></span> <span class='ocrx_word' id='word_1_118' title='bbox 1057 4423 1168 4459; x_wconf 70' lang='lat' dir='ltr'><strong>uss.</strong></span> <span class='ocrx_word' id='word_1_119' title='bbox 1192 4409 1320 4459; x_wconf 77' lang='lat' dir='ltr'><strong>have</strong></span> <span class='ocrx_word' id='word_1_120' title='bbox 1333 4409 1599 4473; x_wconf 75' lang='lat' dir='ltr'><strong>procedere.</strong></span> 
     </span>
    </p>
   </div>
   <div class='ocr_carea' id='block_1_6' title="bbox 1151 4515 1282 4573">
    <p class='ocr_par' dir='ltr' id='par_1_7' title="bbox 1151 4515 1282 4573">
     <span class='ocr_line' id='line_1_20' title="bbox 1151 4515 1282 4573; baseline 0.008 -1"><span class='ocrx_word' id='word_1_121' title='bbox 1151 4515 1282 4573; x_wconf 76' lang='lat'><strong>1³2</strong></span> 
     </span>
    </p>
   </div>
  </div>
 </body>
</html>
