2887 5150
1089 582 1420 681 (5)

253 798 322 855 et
365 800 637 857 eventus
665 790 922 859 aliunde
953 812 1146 876 quam
1173 812 1290 877 pro
1319 788 1565 860 tenuris
1596 788 1725 855 suis
1768 790 2151 877 requiratur,
2182 801 2260 857 ut

255 918 311 983 si
361 918 525 985 sint¹
553 922 632 987 (16
675 922 940 989 consilio
987 921 1177 1009 regis,
1211 919 1315 987 vel
1357 942 1581 988 eorum
1631 919 1998 1006 praesentia²
2042 942 2261 987 neces·

251 1048 416 1113 saria
473 1051 578 1117 vel
617 1052 807 1135 ,utilis
863 1060 1200 1139 reputetur
1261 1049 1344 1115 ad
1403 1024 1949 1126 Parliamentum3
2014 1059 2083 1115 et
2132 1048 2261 1115 illis

245 1186 506 1242 tenetur
535 1178 684 1244 Rex
728 1179 1088 1245 ministrare
1131 1185 1424 1264 sumptus
1470 1186 1541 1242 et
1586 1198 1897 1263 expensas
1939 1198 2085 1241 suas
2131 1174 2257 1243 de'

252 1305 563 1372 veniendo
613 1318 683 1374 et
731 1308 1038 1375 morando
1103 1306 1186 1373 ad
1231 1305 1777 1383 Parliamentum3
1842 1326 1963 1372 nec
2020 1304 2260 1371 debent

253 1432 654 1517 hujusmodi⁴
703 1435 916 1501 clerici
971 1435 1248 1501 minores
1297 1434 1686 1499 summoneri
1730 1431 1813 1500 ad
1863 1432 2261 1499 Parliamen-

255 1567 417 1637 tum,
463 1560 575 1625 sed
623 1560 775 1627 Rex
825 1561 1069 1627 solebat
1119 1560 1356 1627 talibus
1405 1556 1685 1647 pariter⁵
1721 1556 2015 1625 mittere⁰
2041 1557 2262 1625 brevia

255 1710 368 1753 sua
405 1690 688 1777 rogando
732 1690 906 1777 quod
949 1691 1031 1756 ad
1046 1678 1567 1756 'Parliamentum
1594 1712 1783 1755 suum
1810 1688 2209 1756 interessent.

373 1816 565 1895 Item,
597 1786 748 1886 Rei
777 1818 1023 1885 solebat
1049 1818 1258 1885 facere
1302 1818 1823 1885 summonitiones
1862 1838 2012 1883 suas
2052 1815 2258 1882 archi-

255 1942 584 2028 episcopiS,
653 1944 984 2031 episcopis,
1059 1954 1128 2011 et
1200 1942 1340 2010 aliis
1413 1940 1730 2031 exemptis
1802 1942 2107 2030 personis,
2181 1950 2259 2007 ut

252 2067 612 2145 abbatibus,
657 2068 996 2155 prioribu5‚
1037 2069 1310 2147 decanis,
1355 2079 1424 2135 et
1456 2069 1597 2135 aliis
1642 2067 2077 2135 ecclesiasticis
2114 2088 2259 2153 per-

255 2185 444 2265 sonis,
491 2187 606 2273 qui
649 2187 889 2257 habent
929 2189 1404 2275 jurisdictiones
1437 2210 1555 2277 per
1602 2188 1965 2275 hujusmodi
2002 2210 2261 2275 exemp-

255 2310 464 2376 tiones
505 2319 574 2377 et
615 2311 952 2399 privilegia
1001 2312 1356 2399 separatim,
1413 2312 1587 2399 quod
1630 2313 1757 2401 ipsi
1806 2318 1936 2400 pro'
1976 2311 2265 2399 quolibet

255 2430 568 2501 decanatu
609 2443 678 2499 et
721 2416 1232 2501 archidiaconatu
1262 2433 1519 2521 Angliae
1562 2457 1677 2521 per
1718 2434 1889 2522 ipsos
1916 2435 2263 2501 decanatus

256 2554 358 2621 et⁷
387 2554 930 2624 archidiaconatus
959 2555 1112 2644 eligi
1139 2554 1424 2627 facerent
1454 2556 1613 2624 duos
1640 2556 1879 2646 peritos
1904 2532 1978 2626 et¹
2001 2556 2261 2626 idoneos

253 2686 692 2764 procuratores
742 2677 822 2744 de
872 2678 1128 2764 proprio
1177 2678 1691 2747 archidiaconatu
1747 2679 1831 2746 ad
1878 2660 2287 2748 veniendum

257 2807 324 2862 et
397 2796 900 2865 interessendum
963 2799 1048 2866 ad
1121 2798 1649 2876 Parliamentum,
1723 2800 1806 2864 ad
1874 2799 2035 2866 illud
2109 2799 2261 2866 sub-

258 2914 559 2993 eundum,
607 2914 1046 3002 allegandum⁸
1081 2925 1148 2983 et
1175 2915 1539 2981 faciendum
1578 2916 1747 2983 idem
1774 2917 1949 3004 quod
1976 2917 2261 2987 facerent

258 3057 476 3102 omnes
535 3045 604 3102 et
661 3034 925 3124 singulae
996 3058 1279 3124 personae
1351 3036 1635 3123 ipsorum
1698 3037 2121 3106 decanatuum
2192 3050 2262 3106 et

257 3157 898 3236 archidiaconatuum,
945 3157 1000 3224 si
1037 3157 1273 3226 ibidem
1312 3156 1727 3244 personaliter
1768 3158 2169 3228 interessent.

382 3280 477 3346 Et
519 3282 692 3366 quod
734 3281 1095 3368 hujusmodi
1131 3290 1575 3368 procuratores
1626 3281 1889 3348 veniant
1936 3306 2085 3349 cum
2128 3306 2261 3352 wa-

257 3385 457 3470 rantis
487 3405 616 3472 suis
645 3405 1000 3494 duplicatiS‚
1027 3403 1250 3495 sigillis
1273 3405 1669 3497 superiorum
1690 3427 1950 3473 suorum
1972 3403 2256 3494 signatis,

347 3667 363 3696 ¹
389 3674 444 3714 ut
459 3667 505 3714 εἰ
524 3667 648 3725 sim,-
679 3683 816 3718 some
835 3681 948 3718 uss,
972 3669 1100 3718 have
1121 3676 1169 3718 et
1186 3670 1232 3717 si
1251 3670 1362 3720 sint.

347 3748 367 3776 ²
388 3754 436 3796 et
470 3754 660 3796 event-us
700 3754 754 3797 to
789 3748 1066 3812 prasentia.
1134 3749 1298 3799 These
1331 3751 1498 3799 words
1541 3763 1627 3798 are
1658 3756 1746 3798 not
1778 3749 1831 3798 in
1868 3749 1955 3799 the
1996 3747 2261 3812 transcript

255 3834 368 3878 sent
396 3826 530 3876 from
549 3826 707 3887 Paris,
727 3828 818 3878 but
835 3827 957 3892 they
978 3843 1128 3878 occur
1148 3827 1202 3878 in
1229 3829 1314 3880 the
1335 3831 1445 3882 best
1464 3843 1577 3884 uss.
1600 3829 1653 3880 in
1671 3831 1918 3896 England,
1940 3831 2041 3883 and
2070 3830 2174 3882 also
2204 3828 2257 3880 in

253 3910 339 3960 the
363 3906 692 3972 Spicilegium.

343 3988 364 4017 ³
383 3986 442 4036 de
453 4007 469 4045 ‚-
501 4001 638 4037 nome
658 3997 770 4036 uss.
794 3987 914 4036 read
933 3986 999 4035 in.

343 4069 362 4098 ⁴
384 4065 673 4132 hujusmodig
705 4081 842 4116 some
863 4079 975 4118 uss.
999 4068 1116 4118 read
1137 4068 1373 4133 eimedi.

344 4149 364 4178 ³
375 4148 596 4212 pariter,-
627 4160 764 4197 some
783 4159 897 4197 uss.
919 4148 1038 4196 read
1050 4148 1237 4212 peritis·

341 4231 362 4260 ⁶
383 4231 562 4280 mittere
573 4250 590 4288 ς
621 4243 758 4280 some
779 4241 890 4280 uss.
913 4231 1032 4280 read
1050 4229 1291 4280 mandare.

346 4313 363 4338 ⁷
383 4318 432 4360 et
443 4331 459 4371 ς
492 4325 628 4361 some
651 4323 764 4360 mss.
787 4307 910 4360 omit
930 4316 988 4359 et.

341 4394 360 4422 ⁸
383 4389 705 4456 alleyandum3
738 4405 872 4442 some
893 4403 1005 4441 uss.
1028 4391 1148 4441 read
1169 4385 1477 4440 allocandum.
1545 4435 1550 4438 Α

1194 4507 1240 4552 Β
1286 4493 1326 4550 3
