2887 5150
1063 594 1501 701 (27)

780 853 896 916 DE
943 851 1168 917 Mono
1214 849 1785 918 PARLIAMENTI.¹

368 1023 645 1092 Ostensa
685 1023 890 1109 prims
929 1021 1134 1089 forma
1163 1022 1477 1108 qualiter²
1506 1021 1769 1090 cuilibet
1812 1032 1879 1088 et
1927 1022 1966 1086 ὲ
2012 1032 2256 1106 quanto

232 1155 532 1232 tempore
587 1142 998 1210 summonitio
1057 1142 1478 1210 Parliamenti
1538 1142 1678 1210 fieri
1736 1141 1947 1220 debet,
2010 1151 2079 1208 et
2141 1141 2257 1228 qui

169 1288 176 1292 ·
231 1265 464 1332 venire
492 1265 727 1331 debent
755 1286 870 1350 per
897 1263 1474 1341 summonitionem,
1504 1273 1573 1328 et
1607 1263 1722 1348 qui
1760 1285 1933 1340 non3
1980 1262 2256 1330 secundo

233 1384 586 1452 dicendum
629 1395 730 1452 est
779 1385 894 1470 qui
935 1394 1090 1450 sunt
1140 1384 1256 1468 qui
1298 1385 1545 1450 ratione
1596 1383 1945 1450 officiorum
1997 1406 2257 1450 suorum

239 1505 466 1570 venire
510 1505 763 1582 debent,
805 1514 872 1570 et
917 1503 1219 1570 interesse
1258 1513 1565 1568 tenentur
1605 1523 1721 1587 per
1766 1511 1979 1566 totum
2009 1501 2259 1568 Parlia-

240 1633 556 1702 mentum,
617 1623 751 1690 sine
809 1623 1342 1701 summonitione3
1409 1623 1582 1689 unde
1643 1621 2103 1688 advertendum
2161 1631 2260 1688 est

243 1743 426 1832 quod
489 1743 618 1811 duo
689 1741 901 1810 clerici
975 1743 1354 1830 principales
1413 1742 1836 1809 Parliamenti
1902 1743 2089 1809 electi
2142 1765 2261 1829 per

243 1886 465 1952 regem
508 1875 574 1930 et
636 1865 773 1950 ejus
824 1863 1180 1940 concilium,
1237 1872 1304 1928 et
1349 1863 1462 1927 alii
1512 1861 1724 1929 clerici
1774 1861 2128 1928 secundarii
2177 1863 2259 1927 de

247 1984 487 2067 quibus
544 1991 612 2048 et
671 2005 944 2067 quorum
989 1981 1210 2048 officiis
1268 1982 1519 2049 dicetur
1577 1982 1910 2068 specialius
1967 1983 2133 2068 post,
2193 1991 2261 2048 et

248 2102 618 2190 principalis
665 2101 968 2168 clamator
997 2101 1255 2189 Angliae
1299 2125 1448 2168 cum
1495 2102 2065 2169 subclamatoribus
2110 2103 2259 2181 suiS,

251 2235 320 2290 et
361 2223 726 2310 principalis
753 2222 1095 2289 hostiarius
1125 2221 1401 2310 Angliae,
1435 2246 1581 2308 quae
1610 2223 1739 2288 duo
1769 2221 1992 2302 officia,
2025 2222 2263 2289 scilicet

251 2343 532 2410 officium
571 2343 951 2410 clamatoriae
993 2352 1063 2408 et
1105 2341 1440 2420 hostiariae,
1489 2342 1777 2410 solebant
1820 2342 1902 2408 ad
1946 2365 2150 2408 unum
2196 2352 2264 2410 et

251 2467 422 2532 idem
437 2464 878 2552 ‚pertinere,-—
890 2463 1000 2530 isti
1027 2462 1312 2530 officiarii
1357 2473 1663 2530 tenentur
1708 2463 2011 2532 interesse
2055 2464 2262 2551 primo

255 2586 396 2653 die:
453 2584 866 2653 cancellarius
911 2584 1194 2673 Angliae,
1239 2584 1695 2663 thesaurarius,
1742 2586 2144 2666 camerarius,
2196 2595 2262 2651 et

254 2708 520 2773 barones
563 2706 644 2771 de
688 2704 1021 2782 scaccario,
1057 2703 1414 2789 justiciarii,
1448 2726 1666 2771 omnes
1694 2704 1907 2771 clerici
1935 2715 2003 2771 et
2028 2706 2267 2772 milites

256 2824 440 2911 regis,
485 2847 618 2889 una
661 2846 808 2890 cum
859 2824 1282 2889 servientibus
1325 2824 1495 2909 regis
1524 2824 1607 2889 ad
1652 2824 1909 2909 placita,
1957 2825 2071 2909 qui
2114 2836 2267 2891 sunt

259 2946 337 3011 de
387 2944 654 3010 concilio
697 2943 886 3031 regis,
935 2952 1238 3009 tenentur
1283 2943 1587 3010 interesse
1645 2945 1921 3011 secundo
1972 2944 2094 3023 die,
2142 2944 2265 3011 nisi

261 3063 662 3130 rationabiles
721 3062 1157 3129 excusationes
1221 3062 1498 3128 habeant
1570 3063 1663 3129 ita
1735 3064 1909 3148 quod
1965 3064 2266 3131 interesse

261 3208 386 3253 non
460 3195 742 3271 possent,
813 3192 882 3249 et
955 3192 1112 3249 tunc
1185 3182 1439 3249 mittere
1512 3183 1748 3249 debent
1818 3186 2017 3251 bonas
2074 3206 2267 3251 excu-

266 3307 551 3373 sationes·

650 3510 767 3579 Dis:
812 3513 1324 3579 ΙΝοΗοΑΤιοΝΕ
1371 3509 1909 3579 PARLIAMENTI.

377 3692 698 3759 Dominus
749 3692 897 3757 Rex
949 3692 1197 3759 sedebit
1245 3692 1314 3757 in
1373 3691 1583 3757 medio
1632 3692 1889 3777 majoris
1939 3695 2145 3772 banci,
2198 3706 2267 3763 et

269 3823 518 3880 tenetur
558 3813 862 3879 interesse
905 3810 1129 3897 primo,
1163 3820 1346 3876 sexto
1367 3809 1469 3877 die
1500 3810 1957 3878 Parliamenti:
2010 3823 2077 3881 et
2106 3813 2266 3881 sole-

271 3938 420 4002 bant
477 3932 905 4010 cancellarius,
965 3932 1412 4011 thesaurarius,
1474 3934 1741 3999 barones
1798 3933 1879 3999 de
1937 3938 2266 4016 scaccario,

357 4167 368 4196 ¹
393 4166 456 4215 In
489 4180 625 4214 some
657 4178 770 4214 uss.
805 4160 903 4212 this
935 4162 1034 4213 and
1065 4162 1255 4212 several
1287 4163 1347 4212 of
1369 4162 1457 4213 the
1487 4164 1784 4229 subsequent
1820 4166 2030 4219 sections
2062 4172 2268 4232 precede

275 4249 403 4298 those
435 4244 648 4309 treating
679 4244 740 4293 of
762 4242 848 4293 the
881 4241 1059 4293 Clerks
1092 4242 1151 4291 of
1175 4242 1477 4293 Parliament
1508 4246 1607 4293 and
1638 4244 1767 4294 their
1799 4244 1976 4297 offices.

353 4328 371 4357 ¹
385 4324 590 4391 qualiter
610 4323 802 4373 cuilibet
820 4320 870 4375 'et
889 4323 920 4373 ἂ
941 4330 1119 4387 quanto
1141 4330 1370 4389 tempor-33
1401 4340 1537 4375 some
1560 4339 1670 4375 uss,
1696 4328 1811 4377 read
1834 4332 1863 4355 ‘⁴
1876 4326 2080 4391 qualiter
2100 4332 2268 4395 quibus

278 4416 366 4458 “et
395 4408 426 4455 ἃ
459 4412 636 4470 quanto
671 4402 918 4470 tempore,”
953 4405 1049 4455 and
1083 4404 1248 4455 others
1280 4404 1407 4455 have
1441 4405 1525 4456 the
1560 4404 1776 4457 addition
1810 4408 1869 4457 of
1891 4406 2119 4471 quoelibee.
