2887 5150
1065 614 1442 713 (39)

248 808 753 875 Parliamentum
800 817 1077 886 tenetur,
1125 819 1191 876 et
1236 809 1553 877 custodiet
1598 810 1896 888 hostium,
1943 810 2038 877 ita
2084 811 2256 897 quod

246 932 462 997 nullus
503 932 702 997 intret
733 930 1261 1009 Parliamentum‚
1294 932 1417 995 nisi
1448 931 1561 1018 qui
1592 941 1828 997 sectam
1858 941 1924 997 et
1953 940 2255 997 eventum

245 1050 476 1117 debeat
534 1051 616 1115 ad
675 1049 1197 1127 Parliamffltum,
1261 1051 1366 1116 vel
1425 1061 1688 1117 vocatus
1740 1050 1936 1127 fuerit
1995 1060 2257 1135 propter

245 1173 581 1257 negotium
629 1172 803 1256 quod
848 1171 1256 1257 prosequitur
1297 1170 1365 1235 in
1398 1172 1849 1249 Parliamento,
1890 1180 1957 1235 et
2004 1180 2256 1256 oportet

249 1292 425 1377 quod
481 1291 819 1357 hostiarius
884 1291 992 1355 ille
1065 1291 1297 1357 habeat
1355 1291 1784 1377 cognitionem
1841 1264 2257 1377 personarum

251 1435 396 1498 quae
455 1411 706 1499 ingredi
773 1412 1008 1479 debent
1063 1412 1158 1478 ita
1219 1412 1394 1496 quod
1452 1413 1614 1479 nulli
1672 1412 1929 1479 omnino
1988 1421 2260 1498 negetur

246 1532 568 1617 ingressus
617 1532 732 1619 qui
761 1531 1267 1597 Parliamentum
1312 1533 1615 1599 interesse
1663 1543 1955 1609 tenetur3
2004 1541 2072 1596 et
2110 1531 2256 1595 hos-

249 1654 473 1718 tiarius
531 1653 638 1718 ille
695 1663 907 1739 potest
965 1664 1032 1717 et
1091 1653 1280 1720 debet
1294 1653 1337 1731 ¹,
1405 1655 1460 1718 si
1527 1652 1780 1719 necesse
1848 1653 1950 1730 sit,
2022 1651 2255 1718 habere

251 1773 462 1857 plures
507 1772 836 1840 hostiarios
881 1771 1000 1837 sub
1046 1772 1160 1835 se.⁶‘'

665 2038 782 2103 DE
832 2038 1282 2106 CLAMATORE
1327 2040 1867 2105 PARLIAMENTI.

341 2225 696 2307 ‘Clamator
743 2224 1159 2291 Parliamenti
1203 2225 1397 2289 stabit
1451 2236 1633 2289 extra
1682 2225 1965 2289 hostium
2010 2222 2257 2289 Parlia-

249 2345 467 2423 menti,
501 2355 567 2411 et
594 2344 934 2411 hostiarius
983 2344 1391 2409 denunciabit
1441 2343 1563 2408 sibi
1609 2342 2018 2409 clamationes
2066 2364 2251 2419 suas3

250 2486 367 2528 rex
397 2465 636 2531 solebat
665 2465 956 2531 mittere³
986 2466 1329 2531 servientes
1359 2487 1506 2529 suos
1535 2465 1617 2529 ad
1647 2488 1819 2528 arma
1849 2464 1930 2529 ad
1960 2464 2256 2528 standum

250 2609 365 2672 per
414 2611 718 2674 magnum
777 2589 1054 2673 spatium
1115 2597 1298 2652 extra
1355 2586 1637 2653 hostium
1685 2586 2120 2664 Parliamenti,
2176 2586 2257 2651 ad

252 2709 732 2772 custodiendum
778 2708 1076 2787 hostium,
1107 2709 1200 2774 ita
1231 2709 1403 2794 quod
1441 2709 1604 2772 nulli
1652 2708 2090 2793 impressiones
2137 2730 2257 2772 nec

249 2824 567 2888 tumultus
595 2824 877 2890 facerent
908 2829 1074 2891 circa
1101 2828 1310 2890 hostia
1321 2826 1363 2903 ⁴,
1396 2851 1510 2910 per
1540 2828 1715 2911 quod
1745 2829 2253 2892 Parliamentum

251 2944 652 3031 impediatur,
685 2945 802 3010 sub
830 2947 1018 3031 poena
1062 2945 1367 3030 captionis
1415 2969 1750 3032 corporum
1795 2970 2071 3025 suorum,
2106 2949 2258 3033 quia

251 3067 330 3130 de
367 3067 513 3151 jure
558 3065 840 3131 hostium
869 3065 1290 3131 Parliamenti
1336 3090 1468 3132 non
1515 3068 1706 3132 debet
1740 3068 1969 3145 claudi,
2001 3070 2110 3134 sed
2138 3091 2254 3154 per

253 3183 662 3250 hostiarium⁵
691 3195 758 3252 et
787 3187 1133 3252 servientes
1163 3188 1329 3274 regis
1358 3188 1441 3252 ad
1470 3211 1643 3252 arma
1672 3190 1993 3254 custodiri.

343 3482 358 3510 ¹
381 3483 454 3530 ita
483 3481 612 3544 quod
640 3481 760 3530 nulli
789 3483 972 3530 manino
1005 3490 1198 3546 neyemr
1227 3484 1468 3546 inyressus
1510 3485 1595 3548 qui
1625 3483 1999 3536 Parliamentum
2032 3490 2254 3539 interesse

253 3569 434 3610 tenetur
446 3584 462 3619 ,-
508 3569 554 3610 et
587 3561 845 3609 hostiarius
879 3559 956 3610 ille
982 3571 1143 3625 potest
1176 3571 1224 3611 et
1265 3563 1410 3614 debet.
1480 3566 1590 3615 The
1615 3567 1813 3617 French
1846 3570 1945 3619 and
1976 3570 2061 3619 the
2097 3572 2253 3620 oldest

252 3639 463 3704 English
484 3651 595 3687 mse.
619 3639 741 3687 omit
760 3639 858 3688 this
880 3655 1094 3704 passage.

337 3720 356 3747 ²
377 3718 630 3766 hostiarios
651 3716 740 3765 sub
763 3734 827 3767 se.
882 3719 1042 3768 These
1064 3723 1226 3773 words
1259 3737 1344 3771 are
1377 3730 1465 3773 not
1496 3723 1548 3772 in
1571 3725 1654 3774 the
1674 3725 1873 3774 French
1904 3740 1963 3774 or
1993 3726 2077 3776 the
2099 3727 2255 3776 oldest

253 3798 464 3862 English
490 3812 601 3846 uss.

341 3881 362 3908 ³
382 3879 592 3937 mittet-e,-
625 3893 760 3928 some
791 3892 904 3930 uss.
938 3883 1056 3930 read
1085 3884 1346 3946 assignare.

342 3961 360 3988 ⁴
382 3959 537 4007 hostia
549 3980 566 4018 ‚·
600 3973 734 4008 some
767 3973 879 4009 mss.
915 3963 1034 4010 read
1063 3961 1274 4012 hostium.

339 4040 362 4070 ὅ
382 4037 656 4088 hostiarium
667 4060 686 4101 ς
716 4053 850 4090 some
882 4053 994 4092 uss.
1029 4043 1149 4092 read
1178 4041 1445 4094 hostiarios.

1181 4481 1316 4538 D4
