2887 5150
1023 646 1400 745 (21)

203 867 428 910 eorum
485 844 724 931 eligent
781 843 1012 929 viginti
1069 844 1356 929 quinque
1414 862 1713 927 personas
1775 841 1857 906 de
1916 834 2208 909 omnibus

203 972 471 1058 paribus
509 972 712 1059 regni,
741 970 980 1037 scilicet
1029 970 1190 1034 duos
1232 967 1575 1055 episcopos,
1620 977 1688 1033 et
1734 979 1865 1035 tres
1910 991 2208 1055 procura-

205 1103 398 1171 tores,
449 1116 564 1180 pro
615 1102 754 1159 toto
805 1091 992 1168 clerc,
1007 1128 1096 1139 --
1113 1091 1272 1156 duos
1319 1089 1581 1155 comites
1630 1098 1698 1154 et
1748 1098 1877 1155 tres
1922 1092 2209 1169 barones,

206 1215 496 1301 quinque
539 1214 772 1279 milites
813 1212 1251 1288 comitatuum,
1281 1210 1569 1296 quinque
1612 1210 1781 1276 cives
1822 1221 1891 1277 et
1933 1214 2211 1299 burgen-

195 1366 325 1421 ·seS,
347 1380 434 1392 —-·
453 1342 568 1427 qui
642 1340 888 1406 faciunt
961 1338 1193 1425 viginti
1265 1336 1599 1422 quinque3
1676 1347 1745 1402 et
1814 1338 1910 1403 illi
1980 1339 2214 1427 viginti

195 1464 496 1553 quinque
538 1475 806 1554 possunt
841 1464 1074 1551 eligere
1117 1484 1200 1528 ex
1229 1460 1448 1547 seipsis
1492 1461 1828 1527 duodecim
1874 1473 1941 1529 et
1984 1464 2214 1531 conde-

209 1593 507 1659 scendere
547 1592 616 1657 in
657 1592 765 1669 eis,
807 1600 875 1656 et
913 1589 1034 1676 ipsi
1071 1588 1405 1655 duodecim
1457 1612 1569 1654 sex
1613 1599 1680 1656 et
1723 1590 2217 1658 condescendere

211 1716 281 1782 in
319 1718 429 1796 eis,
462 1730 528 1786 et
574 1718 697 1805 ipsi
744 1740 856 1783 sex
908 1716 1116 1780 adhuc
1161 1724 1291 1780 tres
1340 1724 1407 1779 et
1454 1714 1950 1782 condescendere
1996 1716 2065 1781 in
2103 1717 2213 1795 eis,

213 1855 282 1911 et
323 1846 420 1912 illi
469 1858 599 1913 tres
642 1846 711 1911 in
755 1844 1156 1931 paucioribus
1204 1843 1701 1911 condescendere
1746 1867 1876 1912 non
1926 1856 2212 1933 possunt,

212 1972 337 2037 nisi
383 1974 648 2061 optenta
696 1970 954 2039 licentia
999 1972 1038 2035 a
1084 1968 1338 2035 domino
1385 1991 1555 2055 rege,
1587 1979 1654 2035 et
1700 1969 1754 2033 si
1799 1993 1915 2035 rex
1954 1993 2216 2038 consen-

213 2098 359 2175 tiat,
387 2098 482 2162 illi
495 2098 515 2135 ¹
561 2107 690 2164 tres
718 2107 986 2184 possunt
1033 2097 1102 2161 in
1149 2097 1327 2173 duos,
1366 2105 1434 2161 et
1478 2097 1557 2161 de
1599 2096 1725 2161 illis
1768 2098 2016 2164 duobus
2054 2099 2219 2165 alter

215 2234 425 2310 potest
470 2224 539 2289 in
585 2223 782 2290 alium
829 2224 1248 2300 descendere3
1305 2232 1374 2288 et
1414 2224 1509 2287 ita
1552 2223 1807 2289 demum
1858 2225 2053 2291 stabit
2100 2250 2219 2293 sua

217 2349 529 2415 ordinatio
589 2372 781 2435 supra
839 2359 1048 2415 totum
1106 2347 1655 2425 Parliamentum3
1721 2359 1787 2414 et
1837 2351 1931 2415 ita
1989 2352 2217 2418 conde-

216 2477 568 2543 scendendo
615 2456 654 2542 a
705 2477 936 2565 viginti
989 2476 1275 2563 quinque
1326 2477 1610 2563 personis
1662 2499 1865 2563 usque
1894 2478 1975 2543 ad
2026 2502 2221 2545 unam

214 2627 543 2692 personam
587 2605 804 2683 solam,
845 2604 970 2670 nisi
1017 2627 1318 2672 numerus
1359 2605 1561 2692 major
1604 2607 1981 2673 concordare
2010 2608 2223 2674 valeat

217 2743 282 2798 et
325 2735 636 2813 ordinare,
682 2735 940 2802 tandem
985 2735 1117 2802 sola
1159 2758 1447 2822 persona,
1508 2746 1585 2802 ut
1644 2746 1743 2802 est
1791 2735 2054 2816 dictum,
2104 2759 2222 2824 pro

217 2859 508 2926 omnibus
547 2859 876 2925 'ordinabit
885 2859 932 2936 ²,
989 2883 1132 2945 quae
1183 2883 1330 2928 oum
1383 2883 1452 2926 se
1501 2861 1639 2946 ipsa
1689 2861 2043 2930 discordare
2092 2887 2224 2930 non

215 2994 461 3072 potest3
525 2984 700 3050 salvo
744 2984 1000 3050 domino
1047 2986 1186 3072 regi
1242 2994 1310 3052 et
1361 2987 1499 3072 ejus
1550 2985 1818 3052 concilio
1873 2983 2047 3072 quod
2102 2988 2225 3076 ipsi

216 3110 576 3195 hujusmodi
633 3109 1062 3176 ordinationes
1106 3120 1447 3197 postquam
1506 3112 1754 3198 scriptae
1814 3113 2055 3180 fuerint
2112 3136 2225 3184 ex-

219 3237 494 3304 aminare
541 3247 608 3302 et
659 3237 995 3304 emendare
1041 3238 1316 3314 valeant,
1371 3238 1427 3302 si
1476 3239 1597 3304 hoo
1646 3238 1853 3306 facere
1905 3241 2107 3310 sciant
2158 3254 2225 3309 et

221 3363 439 3439 velint,
479 3361 572 3428 ita
611 3360 786 3446 quod
831 3361 950 3428 hoc
998 3361 1238 3428 ibidem
1266 3373 1424 3430 tunc
1467 3362 1617 3431 fiat³
1644 3366 1715 3430 in
1760 3367 1949 3453 pleno
1979 3367 2227 3436 Pax-lia-

221 3501 455 3570 mento,
531 3502 597 3558 et
669 3492 749 3557 de
823 3513 1132 3560 consensu
1207 3494 1647 3575 Parliamenti,
1723 3507 1791 3563 et
1850 3519 1981 3565 non
2053 3510 2228 3566 retro

221 3617 740 3683 Parliamentum.

312 3917 326 3945 ¹
350 3915 422 3965 illi
432 3938 449 3976 ,·
483 3931 619 3966 some
651 3929 764 3967 uss,
800 3919 920 3967 read
952 3919 1017 3967 in.

309 3997 330 4025 ²⁸
350 3995 594 4046 ordinabit
601 4017 619 4057 ,-
652 4011 788 4048 some
820 4012 933 4048 uss.
967 3999 1086 4048 read
1116 3999 1370 4051 ordinavit.

309 4075 469 4138 ⁸fian
514 4091 652 4128 some
688 4089 800 4129 uss.
842 4075 964 4130 omit
997 4077 1117 4140 fiat,
1155 4079 1245 4130 but
1282 4077 1336 4130 in
1374 4081 1543 4132 others
1577 4080 1618 4132 it
1653 4097 1825 4134 occurs
1870 4081 1997 4136 aster
2028 4083 2226 4138 Par-lia·

221 4163 435 4206 mentum·

1163 4572 1291 4632 C3
