2887 5150
1077 669 1457 771 (43)

260 864 382 930 hoc
412 864 478 928 in
509 866 800 931 omnibus
841 889 984 951 quae
1014 888 1128 953 per
1142 866 1164 903 ¹
1192 866 1701 941 Parliamentum
1732 864 2011 944 concedi,
2045 865 2265 955 negafi

263 986 367 1051 vel
415 986 551 1049 fieri
581 987 848 1053 debent:
899 996 964 1052 et
1011 986 1130 1052 hoc
1176 996 1356 1073 patet
1404 987 1613 1072 (111(3112
1641 1008 1757 1053 rex
1798 996 2009 1073 potest
2047 997 2265 1055 tenere

266 1106 770 1172 Parliamentum
845 1130 990 1173 cum
1063 1108 1515 1173 communitate
1582 1108 1763 1195 regni
1828 1109 1951 1185 sui,
2026 1112 2265 1193 absque

264 1224 589 1311 episcopis,
667 1227 1002 1292 comitibus
1065 1238 1131 1291 et
1196 1226 1557 1305 baronibuS,
1627 1226 2035 1294 dumtamen⁸
2094 1250 2266 1292 sum-

264 1345 492 1411 moniti
551 1355 701 1410 sunt
753 1346 834 1411 ad
886 1344 1408 1423 Parliamcntum,
1459 1345 1609 1413 licet
1654 1348 1868 1413 null-us
1916 1348 2266 1433 episcopuS,

264 1488 472 1531 comes
522 1466 625 1533 vel
672 1470 826 1533 baro
873 1468 954 1532 ad
1007 1467 1527 1534 summonitiones
1578 1491 1723 1541 suas
1770 1466 2067 1544 veniant3
2116 1467 2270 1553 quia

265 1586 418 1651 olim
446 1611 567 1653 nec
595 1587 804 1653 fuerat
849 1588 1197 1675 episcopus,
1229 1611 1348 1654 nec
1391 1612 1619 1667 comes,
1658 1612 1777 1654 nec
1819 1590 1993 1665 bare,
2026 1587 2269 1653 adhuc*

265 1720 424 1775 tunc
474 1733 658 1797 reges
707 1720 1055 1775 tenuerunt
1108 1709 1543 1775 Parliamenta
1590 1699 1725 1786 sua,
1778 1708 1889 1773 sed
1934 1708 2145 1775 aliter
2172 1716 2271 1772 est

267 1832 543 1907 econtra,
565 1831 716 1897 licet
745 1832 1328 1896 communitates—
1341 1830 1496 1895 cleri
1524 1840 1589 1895 et
1616 1830 1859 1896 laici—-
1872 1828 2275 1895 summonitae

267 1960 478 2015 essent
539 1950 618 2015 ad
677 1950 1204 2027 Parliamentum,
1275 1952 1440 2016 sicut
1516 1951 1595 2015 de
1660 1952 1806 2036 jure
1872 1951 2125 2027 debent,
2205 1959 2273 2014 et

267 2081 527 2157 propter
576 2071 818 2155 aliquas
867 2071 1126 2136 causas⁵
1163 2072 1380 2137 venire
1427 2072 1692 2148 nollent,
1740 2070 1851 2135 ut⁶
1897 2072 1951 2135 si
2000 2082 2273 2156 praeten-

265 2190 492 2255 derent
567 2191 740 2276 quod
811 2190 1138 2255 dominus⁷
1213 2213 1326 2255 rex
1401 2213 1529 2255 non
1590 2199 1839 2276 regeret
1912 2212 2018 2256 eos
2075 2190 2275 2255 ¹sicuti

267 2311 544 2387 deberet,
595 2320 662 2376 et
707 2310 1104 2397 assignarent
1157 2310 1511 2395 specialiter
1566 2310 1634 2373 in
1688 2310 1921 2395 quibus
1980 2330 2085 2375 eos
2144 2331 2275 2375 non

265 2442 518 2497 rexerat
527 2430 572 2508 ⁸,
635 2442 792 2497 tunc
850 2431 1358 2497 Parliamentum
1418 2428 1705 2497 nullum⁹
1764 2440 1929 2497 esset
1994 2430 2274 2515 omnine,

265 2551 418 2617 licet
426 2550 475 2588 ¹⁰
533 2550 999 2638 archiepiscopi,
1063 2551 1354 2638 episcopi,
1416 2552 1677 2618 comites
1752 2561 1815 2618 et
1875 2554 2161 2630 barones,
2208 2561 2276 2618 et

271 2693 486 2735 omnes
555 2691 774 2736 eorum
833 2693 1035 2756 pares,
1099 2692 1246 2736 cum
1305 2694 1453 2758 rege
1519 2673 1935 2738 interessent:
2007 2679 2074 2736 et
2132 2671 2277 2738 ideo

271 2799 523 2874 oportet
555 2789 728 2872 quod
757 2790 968 2854 omnia
1007 2814 1150 2874 quae
1189 2791 1486 2856 affirmari
1516 2791 1619 2856 vel
1658 2791 1983 2869 infirmari,
2017 2791 2278 2858 concedi

273 2907 378 2974 vel
438 2907 678 2994 negari,
740 2907 844 2972 vel
904 2908 1042 2972 fieri
1100 2909 1333 2972 debent
1406 2931 1520 2993 per
1579 2909 2101 2988 Parliamentum,
2162 2934 2279 2996 per

273 3027 796 3093 communitatem
860 3026 1276 3092 Parliamenti
1336 3029 1595 3093 concedi
1659 3029 1912 3107 debent,
1977 3053 2119 3115 quae
2179 3042 2288 3097 est·

274 3171 356 3213 ex
407 3147 614 3213 tribus
661 3147 962 3233 gradibus
1015 3145 1146 3212 sive
1185 3146 1523 3232 generibus
1554 3147 1990 3228 Parliamenti,
2038 3151 2280 3218 scilicet

275 3289 356 3330 ex
403 3264 916 3350 procuratoribus
971 3264 1144 3340 cleri,
1197 3263 1507 3330 militibus
1550 3266 1986 3345 comitatuum,
2034 3266 2279 3335 civibus

275 3394 342 3450 et
384 3385 827 3472 burgensibuS,
871 3385 984 3468 qui
1031 3393 1487 3468 repraesentant
1528 3395 1729 3450 totam
1759 3387 2279 3454 communitatem

281 3503 558 3588 Angliae,
623 3513 688 3568 et
739 3525 870 3567 non
930 3503 1008 3567 de
1060 3502 1484 3588 magnatibus,
1541 3505 1693 3589 quia
1740 3504 2010 3590 quilibet
2061 3503 2281 3572 eorum

371 3774 384 3801 ¹
399 3789 493 3836 per
509 3793 525 3832 ‚-
541 3799 606 3808 —
623 3772 692 3820 ad
723 3770 774 3820 in
807 3786 943 3820 some
959 3785 1086 3822 uss.

369 3854 388 3881 ²
409 3852 538 3918 quod
549 3874 566 3912 ‚·
579 3879 646 3890 —
661 3852 777 3914 quia
810 3851 862 3899 in
895 3865 1030 3899 some
1063 3849 1175 3898 uss·

369 3933 388 3960 ³
400 3931 666 3980 dumtamen
681 3931 946 3980 summoniti
959 3937 1072 3978 sunt
1081 3950 1098 3988 ,-
1129 3931 1247 3978 read
1269 3928 1321 3976 in
1343 3944 1479 3978 some
1495 3941 1607 3978 mss·
1625 3927 1863 3978 dummodo
1883 3931 2148 3978 sumnwniti
2166 3931 2277 3978 sint.

370 4015 388 4041 ⁴
411 4011 598 4070 adhuc,-
631 4010 683 4058 in
717 4026 851 4060 some
883 4023 995 4058 uss.
1031 4016 1079 4056 et
1109 4007 1279 4057 adhuc.

369 4094 389 4122 ⁵
409 4107 588 4140 causas
600 4113 618 4151 ‚-
633 4089 944 4139 -articulas
977 4089 1030 4137 in
1061 4103 1198 4138 some
1231 4102 1341 4137 msa

375 4174 634 4230 ‘atr-ec
663 4172 716 4220 in
749 4185 884 4220 some
916 4183 1028 4219 uss-

373 4252 390 4278 ⁷
411 4251 624 4300 dominus
640 4273 655 4309 ς
673 4251 907 4300 -dictus
941 4250 992 4298 in
1025 4263 1160 4298 some
1193 4261 1304 4296 MSS.

372 4335 392 4360 ⁸
414 4348 505 4379 non
540 4340 762 4390 rex-eram
797 4347 930 4380 some
964 4343 1076 4379 mss,
1110 4329 1226 4376 read
1259 4326 1537 4377 disrexerat.

374 4415 394 4439 ⁰
417 4409 700 4470 nullum5—
724 4428 814 4460 non
849 4411 900 4459 in
935 4425 1068 4459 some
1103 4422 1229 4466 Mss„
1267 4405 1393 4456 illum
1424 4407 1477 4457 in
1511 4407 1690 4458 others,

357 4492 391 4520 ¹⁰
414 4489 630 4550 licet‚·-
649 4489 758 4540 licet
789 4507 942 4541 omnes
975 4489 1027 4539 in
1061 4503 1195 4539 some
1228 4501 1340 4540 MS.
