2887 5150
1017 604 1397 702 (19)

147 811 386 885 parte
446 801 635 888 regis,
703 801 759 864 si
819 801 968 866 Rex
1027 825 1156 866 non
1229 803 1505 881 intersit,
1570 803 1831 868 cuilibet
1894 803 2209 889 graduum

147 925 454 1012 parium
497 926 672 1012 quod
719 927 988 1012 quilibet
1031 927 1266 1014 gradus
1313 929 1501 994 adeat
1542 951 1657 1015 per
1686 952 1771 1006 se,
1804 938 1875 995 et
1902 929 2211 996 liberetur

155 1081 385 1126 casus
443 1060 552 1127 illc
609 1061 840 1126 clerico
897 1085 1014 1128 suo
1071 1063 1142 1128 in
1203 1063 1442 1148 scripto
1457 1063 1499 1140 ¹,
1560 1074 1629 1129 et
1672 1065 1741 1128 in
1798 1064 2011 1130 certo²
2070 1064 2211 1130 loco

155 1189 468 1256 recitare
515 1189 756 1256 faciant
808 1212 1020 1256 coram
1063 1190 1154 1256 eis
1201 1213 1418 1256 casum
1462 1191 1685 1269 illum3
1732 1192 1827 1257 ita
1870 1191 2045 1277 quod
2089 1191 2211 1278 ipsi

161 1309 497 1380 ordinent
548 1322 617 1377 et
687 1311 1086 1378 considerent
1137 1312 1341 1378 inter8
1392 1335 1460 1378 se
1520 1313 1799 1399 qualiter
1855 1312 2083 1378 melius
2142 1323 2210 1376 et

155 1430 431 1517 justius
474 1431 731 1520 procedi
773 1433 1010 1520 poterit
1049 1433 1117 1497 in
1157 1455 1308 1498 casu
1352 1432 1463 1497 illo
1473 1431 1520 1510 ⁴,
1551 1434 1717 1498 sicut
1746 1434 1869 1519 ipsi
1911 1455 2029 1519 pro
2063 1454 2209 1519 per-

172 1547 356 1613 sona
406 1547 572 1634 regis
624 1558 691 1614 et
741 1570 961 1614 eorum
1006 1548 1275 1635 propriis
1332 1549 1638 1635 personis,
1701 1573 1776 1614 ac
1834 1550 2027 1615 etiam
2092 1572 2209 1636 pro

175 1667 488 1753 personis
560 1689 780 1734 eorum
856 1689 1130 1754 quorum
1203 1689 1501 1753 personas
1558 1669 1681 1754 ipsi
1754 1678 2209 1754 representem,

179 1786 404 1854 velint
455 1807 668 1854 coram
707 1788 851 1854 Deo
898 1788 1298 1874 respondere,
1349 1799 1418 1854 et
1465 1811 1608 1854 suas
1661 1790 2096 1875 responsiones
2142 1800 2210 1856 et

183 1907 596 1974 avisamenta
652 1916 982 1994 reportent
1041 1908 1108 1972 in
1169 1908 1437 1994 scriptis,
1502 1918 1577 1973 ut
1636 1909 1929 1974 omnibus
1988 1931 2209 1976 eorum

185 2026 734 2112 responsionibus,
826 2026 1101 2092 consiliis
1189 2037 1256 2091 et
1331 2027 1735 2093 avisamentis
1824 2029 1973 2094 hinc
2059 2027 2207 2094 inde

191 2145 459 2225 auditis,
520 2147 870 2213 secundum
927 2146 1156 2210 melius
1206 2157 1272 2211 et
1325 2148 1539 2212 sanius
1598 2147 1929 2214 consilium
1990 2171 2208 2234 proce·

195 2266 410 2345 datur,
457 2276 524 2332 et
551 2266 664 2332 ubi
695 2263 918 2331 saltem
968 2266 1167 2350 major
1210 2287 1355 2352 pars
1385 2265 1806 2333 Parliamenti
1850 2268 2203 2334 concordet.

197 2385 338 2454 Et⁶
391 2387 446 2454 si
491 2408 606 2473 per
663 2385 1036 2452 discordiam
1079 2386 1246 2452 inter
1303 2401 1410 2452 eos
1470 2397 1536 2453 et
1595 2409 1810 2480 regem
1854 2397 1921 2454 et
1963 2387 2209 2475 aliquos

197 2517 548 2597 magnates,
601 2507 706 2574 vel
763 2506 928 2573 forte
981 2507 1150 2572 inter
1207 2507 1376 2594 ipsos
1434 2518 1781 2597 magnates,
1842 2531 1969 2597 pax
2027 2510 2210 2600 regni

199 2630 575 2709 infirmetur,
605 2630 712 2697 vel
759 2629 1034 2717 populus
1071 2631 1188 2697 vel·
1221 2632 1427 2717 patria
1478 2633 1839 2713 tribuletur,
1890 2636 1982 2702 ita
2034 2638 2208 2722 quod

201 2750 454 2817 videtur
504 2750 642 2836 regi
680 2759 748 2815 et
798 2751 936 2835 ejus
985 2751 1244 2817 consilio
1293 2754 1469 2837 quod
1514 2755 1852 2840 expediens
1904 2756 1989 2822 sit
2034 2760 2209 2843 quod

203 2847 532 2956 negotium
573 2868 734 2933 illud
783 2878 1095 2935 tractetur
1146 2880 1213 2935 et
1263 2872 1636 2937 emendetur
1692 2891 1807 2959 per
1854 2876 2207 2943 considera-

204 2990 441 3057 tionem
489 2988 771 3056 omnium
818 2988 1066 3075 parium
1115 2989 1295 3075 regni
1343 2990 1463 3069 sui,
1507 2991 1610 3057 vel
1656 2992 1709 3057 si
1754 3016 1867 3079 per
1911 3016 2207 3083 guerram

202 3140 314 3185 rex
358 3127 424 3183 et
468 3138 736 3207 regnum
782 3116 1191 3195 tribulentur,
1224 3116 1328 3183 vel
1375 3117 1428 3182 si
1476 3140 1656 3184 casus
1697 3120 1965 3188 difficilis
1995 3144 2206 3189 coram

207 3244 568 3312 cancellario
601 3243 858 3333 Angliae
887 3253 1186 3329 emergat,
1220 3228 1334 3309 seu
1370 3244 1686 3329 judicium
1715 3246 1965 3314 difficile
1996 3271 2205 3317 coram

198 3371 554 3457 justiciariis
596 3370 792 3439 fuerit
837 3370 1244 3449 reddendum,
1286 3379 1353 3435 et
1397 3370 1777 3457 hujusmodi,
1825 3385 1892 3440 et
1943 3376 1996 3440 si
2040 3376 2205 3444 forte

208 3499 272 3563 in
318 3498 675 3584 hujusmodi
721 3498 1277 3566 deliberationibus
1324 3521 1543 3564 omnes
1587 3500 1690 3567 vel
1736 3500 1957 3569 saltem
2004 3507 2204 3590 major

210 3650 345 3715 pars
391 3626 766 3694 concordare
818 3651 948 3694 non
995 3628 1268 3705 valeant,
1322 3637 1480 3693 tunc
1539 3651 1745 3695 comes
1805 3633 2200 3709 senescallus,

213 3776 407 3821 comes
480 3752 997 3832 constabularius,
1076 3776 1283 3819 comes
1356 3754 1758 3821 marescallus
1774 3754 1818 3833 ⁶,
1895 3756 2000 3821 vel
2073 3756 2201 3822 duo

421 4029 434 4056 ¹
460 4028 670 4091 scripto3
703 4042 838 4077 some
861 4040 972 4078 uss.
997 4028 1114 4077 read
1133 4028 1340 4091 scriptis.

419 4106 441 4135 ⁸
459 4114 617 4166 οπως
649 4119 784 4158 some
805 4120 918 4159 uss,
942 4109 1060 4157 read
1092 4110 1242 4157 tertio.

421 4186 442 4215 ⁸
462 4186 584 4235 inter
596 4207 614 4245 ,-
646 4200 781 4236 some
803 4198 914 4237 uss.
939 4188 1057 4237 read
1075 4202 1249 4237 coram.

420 4266 439 4295 ⁴
460 4267 512 4313 in
533 4281 650 4315 casm
672 4264 778 4324 illm
813 4280 948 4316 some
970 4280 1080 4318 uss.
1105 4270 1223 4317 read
1244 4270 1296 4316 in
1317 4282 1469 4317 cansa
1491 4264 1591 4317 illa.

419 4350 440 4377 ³
462 4344 566 4406 Et,-
599 4362 734 4398 some
767 4362 878 4397 uss.
915 4350 1031 4399 read
1063 4356 1130 4398 ut.

421 4428 440 4454 ⁶
460 4441 609 4476 comes
630 4426 962 4487 marescallum
995 4442 1130 4477 some
1153 4441 1264 4477 MSS.
1289 4430 1408 4480 read
1428 4436 1475 4476 et
1496 4444 1644 4479 comes
1664 4426 1979 4479 marescallus.

1130 4523 1258 4591 02
