2887 5150
997 626 1375 727 (17)

177 827 368 914 regis,
428 839 584 893 tunc
659 828 910 913 capient
967 828 1198 912 praeter
1263 846 1549 889 mensam
1608 846 1787 889 suam
1846 845 1961 911 per
2018 822 2187 889 diem

177 946 502 1015 dimidiam
559 967 834 1013 marcam
900 964 1016 1033 per
1075 945 1334 1032 equales
1391 944 1735 1031 portiones,
1796 934 1911 1031 per
1976 952 2193 1012 totum

179 1064 702 1136 Parliamentum,

726 1294 728 1297 ’
758 1280 874 1343 ΒΕ
919 1296 1245 1353 QUINQUE
1293 1276 1656 1345 Cnnmms.

298 1454 491 1533 Item,
544 1454 694 1521 Rex
750 1454 1099 1542 assignabit
1163 1424 1453 1542 quinque
1512 1456 1769 1522 clericos
1828 1457 2066 1542 peritos
2124 1470 2192 1524 et

181 1576 578 1664 approbatos,
623 1598 898 1660 quorum
931 1576 1174 1662 primus
1217 1574 1607 1642 ministrabit
1654 1586 1721 1642 et
1751 1560 1999 1644 'serviet
2028 1579 2192 1664 epis-

181 1696 373 1783 copis,
425 1696 736 1763 secundus
783 1696 1299 1783 procuratoribus
1347 1697 1519 1774 cleri,
1574 1697 1804 1762 tertius
1856 1698 2191 1765 comitibus

183 1827 251 1884 et
308 1818 668 1897 baronibus,
731 1826 1001 1904 quartus
1051 1816 1364 1883 militibus
1421 1816 1862 1895 comitatuum,
1926 1818 2193 1903 quintus

181 1938 426 2007 civibus
469 1948 539 2005 et
581 1938 1027 2027 burgensibus,
1059 1948 1127 2005 et
1171 1938 1445 2025 quilibet
1474 1962 1717 2017 eorum,
1748 1938 1871 2004 nisi
1917 1938 2000 2004 sit
2042 1962 2192 2005 cum

179 2080 330 2145 rege
359 2066 427 2123 et
455 2057 665 2143 capiat
691 2058 774 2122 de
815 2080 892 2123 eo
933 2058 1064 2123 tale
1107 2058 1365 2124 feodum
1411 2080 1528 2123 seu
1570 2058 1728 2123 talia
1770 2056 1991 2123 vadia¹
2020 2059 2193 2143 quod

181 2175 334 2241 inde
389 2176 654 2251 honeste
705 2176 906 2262 possit
957 2176 1194 2254 vivere,
1257 2176 1467 2262 capiet
1516 2177 1597 2242 de
1648 2198 1799 2263 rege
1858 2198 1975 2264 per
2022 2177 2193 2241 diem

183 2296 344 2364 duos
389 2294 656 2373 solidos3
701 2294 827 2363 nisi
877 2295 1007 2361 sint
1057 2294 1140 2359 ad
1185 2316 1470 2360 mensam
1514 2294 1756 2361 domini
1800 2292 1991 2383 regis,
2035 2306 2193 2362 tunc

183 2416 441 2502 capiant
512 2437 628 2503 per
701 2415 872 2483 diem
959 2414 1292 2481 duodecim
1377 2415 1669 2482 denarios
1699 2436 1718 2493 ς
1796 2413 1911 2501 qui
1984 2414 2196 2483 clerici

183 2532 466 2600 scribent
547 2556 766 2600 eorum
855 2533 1286 2602 dubitationes
1363 2542 1431 2602 et
1510 2535 1951 2622 responsiones
2036 2556 2200 2622 quas

182 2655 430 2722 faciunt
489 2655 628 2742 regi
693 2666 762 2722 et
808 2653 1267 2732 Parliamento,
1335 2655 1438 2720 et²
1498 2655 1860 2722 intererunt
1932 2656 2013 2721 ad
2078 2679 2195 2722 sua

184 2776 447 2844 consilia
486 2777 878 2864 ubicumque
925 2798 1034 2842 eos
1077 2775 1310 2842 habere
1353 2776 1715 2854 voluerint3
1762 2787 1852 2855 et,
1884 2799 2031 2842 cum
2074 2778 2198 2862 ipsi

184 2889 572 2976 vacaverint,
613 2880 964 2985 'juvabunt
1037 2898 1302 2964 clericos
1366 2899 1748 2986 principales
1814 2899 1897 2965 ad
1961 2899 2195 2970 irrotu-

185 3021 468 3090 landum.

456 3262 574 3328 DE
621 3261 934 3329 Casfflns
977 3278 1070 3325 m·
1115 3258 1167 3327 J
1170 3277 1445 3326 umens
1490 3279 2001 3328 mrmculsus.

313 3441 482 3508 Cum
528 3441 730 3528 briga,
787 3439 1120 3517 dubitatio,
1172 3439 1276 3505 vel
1319 3462 1502 3506 casus
1524 3431 1811 3506 'difficilis
1853 3441 1975 3507 sit³
2024 3443 2199 3528 pacis

190 3564 296 3631 vel
338 3543 604 3650 guerrae,
653 3571 936 3648 emergat
985 3561 1054 3626 in
1111 3581 1316 3646 regno
1355 3560 1461 3626 vel
1518 3541 1719 3640 extra,
1773 3562 2088 3628 referatur
2132 3573 2199 3628 et

190 3686 496 3756 recitetur
553 3707 734 3750 casus
799 3684 907 3750 ille
968 3685 1036 3748 in
1089 3683 1339 3769 scriptis
1391 3683 1461 3746 in
1503 3683 1691 3770 pleno
1742 3683 2193 3763 ParliamentO,

191 3815 260 3872 et
318 3815 630 3871 tractetur
680 3785 746 3870 et
805 3803 1170 3890 disputetur
1211 3802 1450 3868 ibidem
1499 3802 1671 3869 inter
1719 3797 1903 3889 pares
1949 3801 2198 3868 Parlia-

189 3915 412 4002 menti,
459 3933 545 4001 et,
590 3924 645 3989 si
683 3944 936 3989 necesse
979 3921 1083 3998 sit,
1115 3922 1493 4008 injungatur
1533 3944 1647 4008 per
1689 3943 1905 4008 regem
1952 3945 2065 3988 seu
2118 3945 2200 3988 ex

283 4197 298 4228 ¹
321 4195 380 4246 de
417 4211 472 4244 eo
507 4193 602 4244 tale
621 4193 820 4258 feodum
853 4210 938 4244 seu
975 4191 1098 4242 talia
1130 4192 1279 4242 vadia
1291 4214 1309 4253 ‚-
1341 4207 1478 4242 some
1516 4207 1628 4243 uss.
1662 4195 1781 4244 read
1813 4193 1934 4243 talia
1957 4195 2114 4259 seoda
2153 4205 2203 4247 et

191 4276 356 4327 vadia.

279 4359 301 4388 ⁸
321 4365 398 4417 ετ,-
429 4371 568 4408 some
588 4369 702 4406 uss.
725 4352 849 4404 omit
869 4362 938 4404 et«

281 4439 301 4468 ³
320 4439 387 4487 sit
397 4459 414 4498 ‚-
447 4453 584 4489 some
605 4451 717 4488 uss,
741 4435 862 4486 omit
883 4435 980 4485 this
1002 4435 1155 4494 word,
1177 4435 1342 4485 others
1363 4435 1491 4486 have
1510 4435 1609 4485 sive
1632 4433 1683 4484 in
1705 4435 1840 4500 place
1860 4431 2061 4488 thereos:

1175 4550 1215 4596 Ο
