2887 5150
1018 594 1399 701 (11)

158 805 446 869 labores
490 812 558 868 et
606 784 932 888 expensas,
974 823 1095 866 nee
1146 801 1352 866 solent
1395 801 1757 888 hujusmodi
1801 827 2090 890 expensae
2140 805 2210 870 in

165 940 378 996 certo
409 930 632 1016 reponi
659 953 774 1016 per
803 929 1046 996 curiam
1082 951 1199 1016 pro
1245 930 1755 1016 quibuscumque
1795 931 2077 1017 personis
2121 930 2213 996 sie

171 1058 422 1124 electis
465 1069 532 1124 et
575 1057 778 1124 missis
821 1080 938 1146 pro
974 1057 1557 1137 communitatibus,
1590 1057 1713 1122 nisi
1741 1079 2023 1144 personae
2061 1056 2210 1142 ipsae

173 1184 447 1251 fuerint
490 1184 752 1250 honeste
797 1193 863 1250 et
907 1184 1070 1249 bene
1115 1205 1180 1248 se
1225 1183 1534 1249 habentes
1576 1182 1645 1247 in
1676 1182 2130 1247 ParliamentO.

917 1487 1032 1550 Di:
1079 1485 1500 1552 M1L1'r113Us.

317 1692 516 1770 Item,
577 1693 726 1758 Rex
801 1693 1072 1770 solebat·
1118 1692 1376 1757 mittere
1450 1691 1671 1757 brevia
1742 1715 1858 1757 sua
1915 1692 2210 1759 omnibus

185 1821 678 1887 vicecomitibus
725 1819 1004 1908 Angliae,
1053 1819 1228 1905 quod
1279 1819 1430 1906 eligi
1476 1819 1757 1886 facerent
1806 1819 2081 1905 quilibet
2130 1820 2211 1885 de

187 1972 311 2014 suo
343 1948 656 2014 comitatu
685 1970 800 2034 per
828 1947 1039 2034 ipsum
1067 1946 1443 2012 comitatum
1472 1946 1633 2012 duos
1662 1944 1895 2011 milites
1922 1945 2203 2024 idoneos,

195 2085 267 2139 et
302 2073 626 2152 honestos,
661 2083 727 2141 et
771 2073 1028 2160 peritos,
1067 2072 1149 2137 ad
1177 2071 1562 2138 veniendum
1596 2071 1675 2134 ad
1707 2070 2212 2138 Parliamentum

197 2223 415 2276 suum,
449 2199 672 2264 eodem
713 2197 903 2262 modo
945 2219 1077 2282 quo
1124 2195 1368 2261 dictum
1405 2206 1505 2261 est
1548 2196 1629 2261 de
1674 2197 2019 2262 baronibus
2049 2198 2211 2264 Por-

197 2336 413 2402 tuum,
447 2335 513 2390 et
552 2324 630 2391 de
661 2323 960 2390 warantis
990 2321 1121 2387 suis
1150 2321 1370 2387 eodem
1397 2321 1607 2399 modo,
1638 2321 1749 2386 sed
1777 2345 1893 2408 pro
1922 2323 2213 2409 expensis

203 2453 480 2518 duorum
526 2451 803 2517 militum
841 2452 920 2516 de
973 2473 1104 2516 uno
1143 2450 1450 2516 comitatu
1496 2473 1626 2515 non
1670 2450 1831 2518 solet
1861 2451 2012 2537 poni
2040 2451 2213 2517 ultra

205 2604 403 2647 unam
447 2604 723 2647 maroam
766 2604 884 2669 per
926 2578 1147 2647 diem.¹

962 2879 1078 2943 DE
1127 2876 1451 2945 Cwmus.

329 3076 575 3141 Eodem
618 3076 806 3142 modo
849 3047 1093 3141 solebat
1135 3076 1420 3141 mandari
1465 3076 1687 3161 majori
1733 3086 1799 3143 et
1829 3078 2215 3146 vicecomiti-

216 3205 331 3270 bus
360 3202 838 3269 Londoniarum
847 3202 894 3281 ²,
943 3212 1011 3267 et
1055 3202 1278 3288 majori
1329 3212 1396 3269 et
1439 3202 1690 3271 ballivis
1732 3205 1837 3271 vel
1878 3207 2103 3293 majori
2147 3218 2215 3273 et

220 3329 452 3395 civibus
473 3328 764 3393 Eborum
793 3336 860 3393 et
887 3327 1154 3392 aliarum
1177 3326 1532 3407 civitatum,
1560 3329 1732 3414 quod
1754 3330 1875 3417 ipsi
1903 3355 2019 3418 pro
2042 3356 2214 3399 oom-

221 3451 557 3521 munitate³
587 3452 864 3519 civitatis
893 3476 1022 3517 suae
1051 3452 1360 3539 eligerent
1389 3456 1550 3521 duos
1586 3456 1861 3535 idoneos,
1892 3458 2213 3539 honestOS‚

224 3589 284 3645 et
336 3578 570 3665 peritos
627 3578 796 3643 cives
863 3580 944 3644 ad
994 3580 1380 3645 veniendum
1447 3591 1513 3647 et
1574 3583 2079 3651 interessendum
2130 3588 2212 3652 ad

227 3706 712 3771 Parliamentum
763 3708 983 3771 eodem
1033 3708 1222 3773 modo
1274 3732 1404 3795 quo
1456 3711 1700 3777 dietum
1753 3724 1851 3779 est
1898 3714 1977 3778 de
2027 3718 2214 3781 baro-

229 3835 398 3899 nibus
445 3832 756 3919 Quinque
802 3835 1124 3901 Portuum
1167 3848 1234 3903 et
1286 3838 1596 3904 militibus
1640 3840 2096 3919 comitatuum3
2146 3852 2214 3909 et

313 4094 426 4157 ¹per
456 4091 590 4141 diem.
657 4092 722 4141 In
759 4106 894 4143 some
925 4106 1038 4143 uss,
1073 4094 1134 4143 of
1168 4095 1292 4145 later
1321 4098 1435 4147 date
1466 4098 1552 4147 the
1583 4098 1837 4165 following
1869 4104 2031 4152 words
2064 4120 2214 4155 occur

234 4175 343 4224 after
364 4190 452 4237 per
483 4172 603 4221 diem
619 4191 634 4221 .-
666 4178 696 4201 “
718 4180 766 4223 et
807 4190 932 4222 nunc
967 4191 1062 4238 per
1104 4174 1225 4224 diem
1268 4184 1370 4225 octo
1413 4176 1585 4227 solidos
1628 4179 1843 4231 videlicet
1872 4199 1970 4247 pro
2011 4183 2215 4247 quolibet

236 4261 261 4299 ‘.‘
281 4270 420 4305 eorum
445 4258 657 4315 'quatuor
687 4252 904 4303 zdidos.'’

314 4337 331 4365 ¹
349 4333 727 4393 Londoniarum3
761 4350 895 4385 some
917 4350 1028 4384 uss.
1055 4338 1170 4385 read
1192 4335 1465 4388 Londoniae.

316 4416 334 4445 ³
349 4415 693 4475 communitate5
726 4428 860 4465 some
893 4430 1005 4466 uss.
1042 4418 1159 4466 read
1183 4418 1426 4467 comitatu.
