2887 5150
64 512 83 799 *bn-&aum
84 462 87 475 ,,
80 420 82 424 .
80 382 81 385 Α
57 334 59 350 Ἀ
83 271 88 279 ,
70 156 100 229 ⁴:-
86 66 94 80 .-

1073 622 1401 721 (9)

214 822 392 888 libet
423 830 634 907 'portu
677 840 794 905 per
837 819 1049 905 ipsum
1095 828 1352 905 portum
1395 817 1555 883 duos
1588 818 1845 885 idoneos
1886 830 1957 885 et
1996 820 2235 906 peritos

216 944 502 1007 barones
531 940 614 1005 ad
641 938 1026 1007 veniendum
1071 946 1140 1003 et
1181 936 1687 1005 interessendum
1729 939 1813 1005 ad
1842 938 2235 1008 Paffiamen-

218 1067 378 1121 tum
424 1078 614 1121 suum
657 1054 741 1122 ad
783 1052 1310 1139 respondendum,
1347 1052 1767 1131 subeundum,
1810 1055 2235 1143 allegandum,

224 1184 300 1239 et
353 1170 718 1238 faciendum
767 1169 936 1235 idem
983 1166 1190 1253 quod¹
1233 1168 1509 1235 baroniae
1561 1193 1709 1249 suae,
1758 1194 1833 1239 ae
1884 1172 1939 1237 si
1988 1170 2115 1257 ipsi
2157 1170 2237 1237 de

221 1287 548 1355 baroniis²
609 1285 734 1351 illis
799 1306 1018 1351 omnes
1089 1295 1158 1350 et
1214 1284 1451 1372 singuli
1505 1288 1918 1372 personaliter
1972 1288 2237 1354 interes-

226 1413 381 1469 sent
423 1402 694 1480 ibidem3
742 1411 810 1468 et
855 1401 1030 1487 quod
1056 1403 1324 1467 barones
1373 1401 1737 1489 hujusmodi
1780 1404 2042 1472 veniant
2088 1426 2237 1471 eum

230 1518 536 1586 warantis
581 1518 712 1584 suis
756 1516 1111 1604 duplicatiS,
1159 1517 1380 1605 sigillis
1432 1520 1873 1587 communibus
1917 1520 2239 1587 Portuum

232 1658 498 1701 suorum
569 1634 854 1721 signatis,
925 1634 1098 1722 quod
1169 1633 1293 1719 ipsi
1356 1634 1481 1699 rite
1552 1635 1637 1702 ad
1706 1635 1828 1701 hoo
1892 1635 2098 1713 electi,
2172 1645 2240 1702 et

231 1752 544 1818 attornati
587 1761 757 1829 sunt,
807 1760 876 1817 et
921 1752 1096 1816 missi
1140 1773 1256 1836 pro
1298 1750 1575 1816 baroniis
1604 1750 1749 1829 illis,
1792 1776 2065 1838 quarum
2110 1775 2240 1818 una

229 1868 608 1935 liberabitur
673 1868 918 1934 clericis
977 1868 1056 1934 de
1107 1866 1564 1945 Parliament0‚
1633 1879 1700 1934 et
1758 1868 1883 1935 alia
1941 1870 2239 1936 residebit

231 2005 432 2071 penes
475 1985 646 2069 ipsos
673 1986 958 2051 barones.
1057 1982 1152 2049 Et
1197 1984 1346 2049 efim
1373 1984 1737 2069 hujusmodi
1778 1988 2045 2053 barones
2072 1986 2240 2053 Por-

163 2124 168 2127 ·
236 2112 450 2177 tuum,
539 2101 800 2166 lieentia
881 2101 1166 2187 optenta,
1251 2100 1330 2165 de
1405 2100 1841 2167 Parliamento
1922 2126 2239 2170 recessum

237 2224 527 2289 fecerant
535 2222 582 2300 ³,
614 2233 774 2289 tune
817 2223 1102 2289 solebant
1143 2220 1376 2287 habere
1409 2226 1605 2289 breve
1646 2224 1729 2289 de
1771 2248 2005 2311 magno
2033 2227 2240 2313 sigillo

241 2344 493 2411 custodi
568 2344 876 2430 Quinque
950 2344 1292 2420 Portunus,
1373 2342 1547 2427 quod
1610 2344 1763 2429 ipse
1836 2346 2241 2415 rationabiles

241 2474 534 2552 sumptus
577 2473 644 2529 et
685 2486 995 2551 expensas
1042 2486 1188 2529 suas
1229 2463 1594 2549 hujusmodi
1634 2465 1977 2533 baronibus
2011 2468 2241 2535 habere

237 2583 477 2649 faceret
523 2581 604 2646 de
649 2579 1106 2646 communitate
1137 2580 1376 2668 Portus
1408 2580 1603 2660 illius,
1646 2585 1687 2648 a
1725 2585 1930 2670 primo
1965 2586 2067 2652 die
2112 2609 2243 2672 quo

239 2721 458 2765 versus
501 2696 1009 2762 Parliamentum
1061 2696 1357 2764 venerint
1399 2719 1606 2783 usque
1648 2699 1731 2764 ad
1772 2700 1940 2768 diem
1986 2725 2115 2788 quo
2159 2704 2244 2771 ad

240 2814 495 2900 propria
557 2813 860 2878 redierint
870 2811 918 2891 ⁴,
977 2812 1146 2877 faeta
1207 2813 1401 2877 etiam
1463 2815 1759 2900 expressa
1807 2819 2130 2885 mentione
2174 2821 2245 2884 in

243 2928 422 2996 brevi
479 2927 591 2992 illo
648 2929 728 2993 de
779 2929 958 2993 mora
1015 2951 1210 3012 quam
1266 2927 1533 2994 fecerint
1586 2930 1667 2994 ad
1718 2931 2243 3014 Parliamentum‚

247 3043 362 3111 de⁵
401 3043 504 3110 die
550 3066 680 3128 quo
709 3042 1022 3120 venerint,
1069 3039 1234 3127 quo⁶
1259 3041 1571 3108 licentiati
1610 3043 1849 3110 fuerint
1892 3047 2244 3127 redeundi3

247 3174 312 3230 et
369 3160 612 3228 solebat
671 3158 914 3225 mentio
971 3157 1110 3224 fieri
1167 3158 1511 3244 aliquando
1567 3159 1639 3224 in
1694 3160 1873 3226 brevi
1930 3175 2247 3248 quantum

248 3277 606 3366 hujusmodi
662 3275 932 3342 barones
989 3295 1213 3361 capere
1269 3274 1507 3340 debent
1558 3259 1641 3340 de
1684 3278 2247 3348 eommunitatibus

249 3395 371 3460 illis
397 3417 510 3481 per
539 3392 726 3469 diem,
769 3391 1009 3458 scilieet
1055 3390 1258 3476 aliqui
1305 3390 1472 3478 plue,
1504 3391 1703 3478 aliqui
1741 3393 1971 3474 minus,
2022 3419 2248 3464 secun.

251 3511 398 3576 dum
446 3533 860 3597 personarum
908 3508 1290 3586 habilitates,
1344 3507 1729 3587 honestates,
1778 3521 1846 3576 et
1896 3527 2242 3600 respectus,

169 3663 176 3668 ·
249 3651 360 3694 nee
433 3627 674 3693 solebat
728 3627 883 3714 poni
946 3617 1062 3712 per
1118 3624 1276 3690 duos
1335 3628 1604 3690 barones
1663 3649 1777 3712 per
1833 3629 2004 3694 diem
2076 3631 2248 3696 ultra

251 3749 474 3836 viginti
531 3748 780 3824 solidos,
854 3747 1072 3811 habito
1144 3755 1440 3830 respectu
1514 3746 1596 3810 ad
1666 3746 1959 3812 illorum⁷
2016 3771 2243 3828 moras,

533 3961 547 3988 ¹
571 3957 696 4021 quod
705 3979 720 4016 ,·
754 3973 889 4007 some
909 3970 1022 4005 uss.
1046 3957 1165 4004 read
1185 3954 1312 4018 quod
1326 3955 1572 4018 facerent.

529 4041 552 4069 ⁸
573 4039 785 4088 baroniis
796 4059 813 4098 ,-
845 4053 980 4087 some
1001 4049 1114 4086 uss,
1137 4037 1255 4086 read
1277 4035 1547 4087 baronibus.

534 4121 554 4148 ³
574 4135 803 4168 recessum
819 4119 1078 4182 ficerat,-
1107 4132 1244 4168 some
1263 4131 1376 4168 mss.
1399 4120 1521 4171 read
1540 4121 1773 4171 recessuri
1784 4121 2013 4186 fuerant.

535 4202 553 4230 ⁴
575 4199 828 4259 redierint3
861 4215 996 4248 some
1017 4213 1130 4248 mss.
1153 4199 1272 4248 read
1293 4199 1547 4250 redierunt.

533 4280 660 4341 δὼς
693 4276 1593 4333 insomeusathevofflureetde.

535 4362 554 4390 ⁶
573 4377 692 4424 qam,-
725 4376 859 4410 some
881 4373 992 4409 uss.
1017 4361 1132 4408 read
1154 4367 1200 4408 et
1217 4375 1321 4422 quo.

535 4443 555 4470 '¹
578 4440 757 4492 illorum
770 4441 943 4504 {some
975 4453 1088 4513 uss.
1111 4442 1230 4492 read
1249 4454 1420 4492 wrm.
