2887 5150
1084 646 1461 744 (29)

259 856 332 911 et
369 843 708 930 justiciarii
736 842 1058 908 recordare
1099 842 1336 909 defalta
1379 842 1549 907 facta
1588 843 1656 907 in
1685 843 2117 912 Parliamento
2154 850 2275 913 sub

259 964 487 1032 ordine
531 964 645 1048 qui
689 963 994 1047 sequitur.
1088 961 1310 1027 Primo
1353 961 1457 1029 die
1487 965 1884 1030 vocabuntur
1927 968 2273 1053 burgenses

260 1095 334 1150 et
386 1084 560 1155 cives,
605 1082 806 1151 totius
839 1080 1116 1168 Angliae,
1165 1104 1294 1166 quo
1339 1081 1442 1145 die
1483 1081 1537 1145 si
1583 1105 1713 1147 non
1756 1084 2037 1162 veniant,
2069 1107 2273 1155 amer-

261 1204 540 1269 ciabitur
568 1205 808 1288 burgus
838 1202 920 1265 ad
948 1210 1206 1266 centum
1235 1224 1477 1266 marcas
1522 1212 1586 1267 et
1618 1204 1840 1269 civitas
1886 1204 1967 1269 ad
2014 1214 2271 1270 centum

259 1312 459 1390 libras
489 1348 506 1387 ε
578 1322 854 1388 secundo
881 1322 886 1331 ’
913 1322 1015 1387 die
1074 1324 1478 1388 vocabuntur
1548 1323 1784 1389 milites
1856 1325 2270 1391 comitatuum

261 1446 465 1511 totius
515 1444 794 1531 Angliae,
850 1467 980 1529 quo
1038 1442 1140 1509 die
1199 1442 1253 1508 si
1309 1466 1441 1510 non
1488 1445 1767 1523 veniant,
1828 1447 2275 1514 amerciabitur

263 1566 608 1640 comitatus
679 1564 848 1629 unde
923 1574 1075 1629 sunt
1133 1563 1214 1627 ad
1280 1574 1539 1630 centum
1613 1565 1844 1631 libras:
1916 1566 2107 1633 tertio
2163 1560 2271 1633 die

266 1686 686 1755 Parliamenti
730 1686 1131 1752 vocabuntur
1179 1686 1445 1750 barones
1480 1684 1787 1773 Quinque
1819 1686 2161 1765 Portuum,
2202 1698 2269 1753 et

261 1816 484 1894 postea
538 1808 824 1881 baroneS,
885 1814 951 1870 et
1007 1813 1229 1889 postea
1290 1804 1593 1881 comites3
1663 1806 1833 1873 unde
1892 1808 1947 1872 si
2004 1809 2273 1873 barones

265 1927 574 2012 Quinque
619 1926 940 1991 Portuum
997 1946 1128 1990 non
1174 1924 1454 2003 veniant,
1515 1927 1959 1993 amerciabitur
2008 1929 2269 1995 baronia

260 2046 374 2111 illa
401 2046 572 2111 unde
603 2042 782 2109 sunt¹
818 2044 897 2107 ad
941 2053 1199 2109 centum
1241 2066 1518 2121 marcas3
1568 2046 1791 2111 eodem
1834 2047 2022 2112 modo
2066 2071 2268 2113 amer-

261 2165 538 2233 ciabitur
579 2165 734 2243 baro
780 2185 897 2248 per
939 2186 1006 2229 se
1048 2163 1130 2228 ad
1175 2174 1432 2228 centum
1481 2186 1723 2231 marcas
1732 2164 1777 2243 ²,
1823 2178 1891 2233 et
1932 2190 2139 2235 eomes
2186 2170 2269 2234 ad

262 2295 523 2353 centum
566 2283 799 2360 libras3
849 2281 952 2348 et8
995 2282 1216 2349 eodem
1261 2282 1449 2349 modo
1500 2284 1617 2349 fiet
1662 2286 1741 2351 de
1788 2286 1913 2352 illis
1958 2288 2072 2373 qui
2116 2300 2267 2354 sunt

262 2432 444 2499 pares
487 2408 822 2476 comitibus
867 2418 932 2473 et
974 2408 1334 2486 baronibus,
1369 2410 1609 2476 scilicet
1647 2412 1759 2496 qui
1788 2411 2025 2479 habent
2067 2424 2267 2480 terras

260 2549 328 2606 et
387 2535 674 2604 redditus
731 2534 814 2599 ad
872 2531 1188 2600 valorem⁴
1237 2534 1429 2600 unius
1488 2512 1868 2604 comitatus⁵
1926 2538 2027 2606 vel
2075 2518 2267 2606 unius

259 2665 554 2742 baroniae,
595 2673 672 2729 ut
717 2660 1090 2748 praedictum
1133 2669 1232 2730 est
1275 2661 1344 2730 in
1386 2660 1579 2728 titulo
1623 2661 1700 2730 de
1730 2665 2259 2732 summonitione:

262 2800 495 2877 quarto
543 2789 646 2854 die
696 2789 1093 2856 vocabuntur
1144 2797 1581 2872 procuratores
1648 2789 1821 2866 cleri,
1884 2815 2015 2878 quo
2060 2792 2162 2858 die
2210 2795 2265 2863 si

261 2937 392 2980 non
436 2912 716 2989 veniant,
763 2911 1290 2976 amerciabuntur
1348 2910 1628 2996 episcopi
1671 2912 1771 2976 sui
1810 2935 1929 3001 pro
1977 2914 2265 2999 quolibet

261 3039 777 3124 archidiaconatu
825 3037 938 3123 qui
968 3035 1272 3104 defaltam
1301 3026 1524 3100 fecerit
1568 3035 1649 3100 ad
1684 3023 1940 3123 centum
1977 3063 2258 3107 marcas:

263 3169 491 3256 quinto
521 3166 624 3231 die
653 3166 1052 3232 vocabuntur
1080 3163 1320 3241 decani,
1351 3163 1610 3249 priores,
1656 3165 1933 3244 abbateS‚
1966 3168 2261 3256 episcopi,

263 3295 518 3361 demum
546 3292 1015 3380 archiepiscopi,
1063 3293 1194 3378 qui
1224 3287 1278 3357 si
1322 3314 1453 3357 non
1495 3292 1773 3371 veniant,
1820 3294 2265 3362 amerciabitur

265 3421 534 3507 quilibet
590 3419 1092 3506 archiepiscopus
1151 3419 1232 3485 ad
1285 3411 1557 3485 'centum
1614 3419 1826 3499 libras,
1891 3421 2219 3509 episcopus
2237 3423 2267 3466 ⁶¹

265 3557 487 3620 tenens
512 3547 826 3634 integram
853 3547 1180 3614 baroniam
1209 3545 1290 3612 ad
1319 3556 1578 3614 centum
1622 3569 1883 3636 marcas,
1930 3558 1997 3614 et
2040 3549 2261 3618 eodem

352 3801 366 3830 ¹
389 3799 512 3849 unde
532 3806 672 3858 sum,-
704 3797 907 3848 omitted
927 3797 980 3846 in
1001 3811 1136 3847 some
1157 3811 1269 3848 uss.

349 3879 370 3910 ²
391 3879 545 3930 eodem
565 3878 698 3928 modo
727 3876 1065 3928 amerciabitur
1097 3876 1214 3926 baro
1239 3893 1334 3940 per
1371 3893 1422 3925 se
1454 3875 1737 3934 adrentum
1768 3891 1972 3926 mareas.
2040 3876 2261 3930 Omitted

264 3959 314 4008 in
346 3960 432 4009 the
451 3957 650 4008 French
671 3971 802 4016 uss„
821 3957 908 4006 the
930 3953 1260 4020 Spicilegium,
1295 3957 1394 4004 and
1423 3955 1511 4005 the
1540 3954 1733 4006 earliest
1752 3954 1963 4019 English
1994 3969 2139 4014 ussa
2171 3958 2262 4007 but

263 4037 347 4088 the
361 4023 570 4102 passage
602 4035 766 4110 whicli
787 4034 830 4084 is
859 4047 1118 4098 necessary
1135 4041 1192 4084 -to
1215 4035 1400 4096 perfect
1426 4035 1513 4084 the
1546 4049 1685 4085 sense
1717 4047 1891 4086 occurs
1926 4034 1981 4084 in
2011 4043 2113 4086 two
2144 4050 2259 4086 use.

265 4116 323 4168 of
344 4117 430 4167 the
451 4115 676 4166 fineenth
697 4120 920 4178 century.

351 4197 372 4226 ⁸
391 4203 464 4253 et;
498 4193 701 4243 omitted
721 4193 774 4242 in
797 4208 931 4243 some
953 4207 1066 4244 mss.

352 4279 371 4308 ⁴
390 4274 622 4334 valorem3
657 4287 792 4324 some
813 4287 924 4324 uss.
949 4275 1067 4324 read
1087 4271 1354 4324 valentiam.
1385 4237 1394 4240 -

351 4363 370 4390 ⁵
390 4359 666 4416 connitum&
699 4371 834 4406 some
866 4370 978 4406 mss·
1013 4358 1130 4406 read
1162 4357 1372 4404 comitioe.

350 4441 370 4468 ⁸
391 4438 638 4504 episcopus
649 4458 666 4498 ‚-
699 4451 834 4486 some
855 4449 966 4487 uss.
991 4437 1109 4486 read
1129 4444 1178 4485 et
1195 4433 1391 4499 quilibet
1409 4437 1672 4501 episcopus.
