2887 5150
1000 610 1380 709 (15)

159 816 430 883 toribus
492 812 909 923 Parliamenti
967 814 1050 877 ad
1123 815 1512 881 audiendum
1586 825 1653 881 et
1719 816 2189 885 terminandum

159 944 461 1011 diversas
482 960 488 965 ’·
503 968 506 971 ⁴
518 941 860 1029 petitiones
931 950 998 1006 et
1057 942 1345 1029 querelas
1411 943 1481 1007 in
1540 942 1973 1011 Parliamento
2039 968 2196 1032 por--

162 1070 422 1137 rectas¹
433 1094 454 1147 3
530 1080 599 1136 et
665 1079 830 1162 sunt·
874 1068 971 1135 illi
1027 1069 1155 1136 duo
1230 1069 1443 1136 clerici
1502 1070 1865 1139 immediate
1922 1070 2195 1158 subjecti

164 1198 322 1285 regi
375 1207 442 1263 et
471 1196 928 1263 Parliamento·
955 1221 1072 1263 suo
1123 1197 1192 1262 in
1243 1198 1583 1275 communi,
1636 1197 1759 1263 nisi
1808 1199 1975 1264 forte
2026 1222 2194 1265 unus

129 1310 135 1315 ’
158 1317 567 1405 justiciarius
611 1317 716 1383 vel
765 1318 894 1383 duo
944 1318 1348 1405 assignentur
1393 1319 1485 1385 eis
1537 1320 1619 1385 ad
1666 1320 2083 1386 examinanda
2127 1331 2195 1387 et

171 1436 578 1504 emendanda
621 1460 842 1505 eorum
883 1438 1386 1517 irrotulamenta,
1431 1448 1499 1506 et
1545 1438 1691 1505 eum
1734 1461 1917 1525 pares
1946 1438 2193 1506 Parlia-

173 1560 390 1625 menti
445 1559 747 1648 assignati
820 1569 972 1625 sunt
1031 1560 1115 1625 ad
1187 1560 1532 1626 audiendas
1604 1570 1673 1626 et
1744 1561 2194 1627 examinandas

175 1686 432 1773 aliquas
488 1686 834 1774 petitiones
891 1684 1246 1773 specialiter
1303 1708 1419 1772 per
1476 1708 1564 1766 se,
1638 1696 1795 1753 tunc
1868 1688 2017 1753 cfim
2070 1685 2201 1775 ipsi

179 1813 428 1880 fuerint
470 1815 800 1881 unanimes
829 1824 896 1879 et
925 1814 1266 1881 concordes
1309 1814 1378 1879 in
1412 1812 1671 1899 judiciis
1699 1814 1831 1880 suis
1858 1813 2194 1881 reddendis

181 1957 379 2021 super
421 1933 764 2020 ejusmodi²
805 1935 1240 2021 petitionibus,
1283 1934 1682 2002 recitabunt³
1717 1946 1787 2002 et
1829 1958 2194 2023 processum

184 2076 380 2139 super
438 2053 676 2120 eisdem
732 2053 1023 2119 habitum
1039 2056 1065 2091 ⁴
1125 2064 1192 2121 et
1248 2055 1519 2121 reddent
1576 2054 1819 2139 judicia
1874 2056 1945 2121 in
2004 2056 2195 2141 pleno

186 2174 644 2250 Parliamento,
704 2174 800 2239 ita
857 2174 1032 2257 quod
1105 2173 1199 2239 illi
1271 2174 1402 2239 duo
1477 2174 1691 2243 clerici
1760 2174 2194 2260 principaliter

183 2297 531 2365 irrotulent
580 2296 793 2364 omnia
836 2297 1072 2383 placita
1113 2308 1180 2365 et
1223 2298 1438 2365 omnia
1471 2298 1717 2384 judicia
1756 2298 1825 2365 in
1863 2300 2197 2388 principali

187 2423 401 2491 rotulo
445 2422 882 2501 Parliamenti,
929 2433 996 2489 et
1041 2424 1293 2491 eosdem
1336 2422 1579 2491 rotulos
1622 2424 1899 2491 liberent
1940 2426 2022 2491 ad
2054 2425 2197 2493 the-

191 2550 542 2618 saurarium
593 2549 764 2640 regis
815 2558 1159 2637 antequam
1212 2550 1718 2618 Parliamffltum
1774 2551 2139 2619 licentietur
2148 2550 2197 2632 ⁵,

192 2679 284 2745 ita
312 2679 486 2766 quod
512 2679 688 2745 omni
716 2679 910 2745 modo·
949 2679 1078 2744 sint
1123 2678 1216 2744 illi
1258 2679 1456 2745 rotuli
1497 2680 1568 2745 in
1600 2679 2020 2746 Thesauraria
2047 2691 2199 2746 ante

192 2821 508 2865 recessum
536 2797 975 2876 Parliamenti,
1006 2797 1180 2865 salvo
1223 2810 1440 2865 tamen
1484 2801 1722 2867 eisdem
1760 2800 2005 2868 clericis
2046 2802 2199 2868 inde

194 2923 597 3010 transcripto,
643 2925 777 2990 sive
821 2926 1254 2990 contrarotulo
1296 2927 1351 2989 si
1391 2927 1461 2990 id
1498 2926 1733 2991 habere
1760 2927 1980 2991 velint.
2074 2927 2199 2994 Isti

196 3050 323 3118 duo
350 3049 584 3127 clerici,
616 3050 740 3116 nisi
785 3052 916 3117 sint
961 3052 1029 3116 in
1074 3051 1200 3118 alio
1229 3050 1474 3118 officio⁶
1521 3074 1667 3117 cum
1714 3073 1883 3138 rege,
1916 3062 1984 3119 et
2011 3053 2205 3120 feoda·

199 3177 448 3263 capiant
500 3176 582 3242 de
631 3199 726 3255 eo,
779 3178 872 3244 ita
924 3180 1098 3265 quod
1149 3179 1300 3244 inde
1341 3177 1608 3244 honeste
1637 3178 1851 3244 vivere
1890 3180 2194 3266 poterint,

201 3302 276 3367 de
304 3324 452 3390 rege
499 3303 754 3389 capiant
798 3327 914 3391 per
953 3305 1121 3370 diem
1164 3328 1360 3371 unam
1403 3326 1679 3370 marcam
1724 3305 1877 3391 pro⁷
1905 3307 2197 3392 expensis

203 3428 328 3494 suis
354 3451 466 3514 per
494 3431 754 3516 equales
792 3432 1132 3517 portiones,
1165 3431 1290 3497 nisi
1330 3431 1461 3498 sint
1508 3431 1589 3497 ad
1632 3455 1916 3499 mensam
1959 3433 2198 3502 domini

288 3701 300 3730 ¹
314 3709 592 3764 porrectas,-
623 3717 759 3752 some
781 3717 893 3753 uss,
917 3703 1036 3753 read
1055 3710 1306 3753 correctas.

291 3780 310 3810 ⁸
329 3780 553 3844 eiusmodi
563 3801 581 3840 ‚-
613 3795 750 3832 some
771 3795 884 3831 uss.
907 3785 1026 3832 read
1047 3782 1326 3848 hujusmodi.

293 3860 312 3888 ⁸
330 3859 596 3909 recitabunt
603 3881 620 3920 ς
653 3875 790 3911 some
824 3875 936 3912 uss.
960 3864 1079 3911 read
1115 3870 1228 3911 tunc
1260 3861 1542 3921 recitabunt,
1564 3863 1663 3912 and
1699 3862 1864 3913 others
1902 3866 1999 3914 add
2031 3864 2198 3930 hujus-

209 3937 325 3988 modi
336 3941 598 4003 petitiones.

293 4019 310 4048 ⁴
331 4025 376 4068 et
384 4035 657 4082 processum
679 4035 824 4083 super
844 4018 1014 4068 eisdem
1035 4017 1278 4080 habitum3
1316 4036 1452 4070 some
1474 4035 1587 4070 uss.
1611 4021 1728 4071 read
1748 4027 1797 4070 et
1806 4038 2035 4086 processu
2055 4041 2205 4090 super

211 4098 366 4148 eisdem
388 4099 583 4149 reddito.
1233 4157 1250 4175 Ι,

294 4179 312 4208 ⁵
330 4186 580 4241 antequam
611 4175 986 4228 Parliamentum
1006 4176 1270 4230 licentietur
1281 4201 1298 4241 ,-
1331 4196 1467 4231 some
1490 4194 1601 4230 mss,
1627 4181 1744 4230 read
1765 4189 1877 4231 ante
1897 4179 2199 4236 Parliamen-

218 4266 303 4307 tum
321 4257 630 4308 liceroeiatum.

296 4339 314 4366 ⁰
332 4336 428 4388 alio
447 4337 604 4402 qfficio
615 4359 634 4398 ,-
665 4352 802 4387 some
823 4351 935 4388 uss.
960 4341 1079 4392 read
1099 4338 1260 4405 aliquo
1279 4342 1462 4406 offic-io,-
1495 4342 1661 4393 others
1681 4341 1795 4392 aliis
1814 4344 1999 4408 officiis.

298 4419 314 4444 ⁷
323 4433 416 4482 pro
428 4439 445 4479 ς
479 4432 615 4469 some
635 4429 750 4466 uss.
775 4417 895 4466 read
916 4433 1035 4468 cum.
