2887 5150
117 336 128 465 ,ἲ

68 490 69 497 ‘
104 470 120 590 ἓ

105 595 117 666 ε

1071 604 1108 702 (
1215 608 1260 689 7
1359 602 1400 702 ’)

231 802 410 887 quod
461 802 584 889 ipsi
641 803 722 869 ad
781 800 1144 889 hujusmodi
1198 802 1707 889 procurationem
1768 800 1979 871 clerici
1992 801 2014 843 ¹
2058 802 2233 869 missi

231 933 408 1003 sunt,
459 946 732 1009 quarum
789 924 1150 991 litterarum
1217 946 1350 989 una
1411 922 1791 989 liberabitur
1848 923 2095 992 clericis
2154 925 2233 991 de

234 1042 672 1109 Parliamento
729 1043 814 1109 ad
869 1042 1336 1111 irrotulandum
1396 1052 1466 1109 et
1530 1041 1653 1109 alia
1694 1042 1999 1111 residebit
2039 1066 2235 1131 penes

231 1162 405 1250 ipsos
447 1174 926 1251 procuratores3
976 1173 1044 1231 et
1094 1164 1186 1229 sic
1247 1163 1368 1229 sub
1421 1163 1561 1230 istis
1602 1164 1853 1229 duobus
1893 1164 2235 1251 generibus

235 1284 623 1354 summoneri
651 1284 843 1350 debet
871 1292 1048 1349 totus
1076 1282 1282 1379 clerus
1309 1283 1394 1351 ad
1421 1282 1949 1350 Parliamentum.

1001 1519 1118 1585 Dm
1163 1518 1434 1585 LAIOIS.

353 1702 542 1781 Item,
581 1702 968 1771 sunnnoneri
994 1711 1064 1767 et
1090 1702 1310 1768 venire
1354 1702 1595 1769 debent
1638 1722 1855 1767 omnes
1890 1708 1959 1766 et
2002 1694 2238 1787 singuli

233 1820 493 1889 comites
550 1832 622 1887 et
676 1824 966 1900 baroneS,
1027 1828 1096 1887 et
1147 1844 1370 1887 eorum
1415 1844 1619 1908 parea,
1684 1820 1923 1887 scilicet
1982 1819 2078 1885 illi
2122 1819 2239 1905 qui

229 1940 469 2009 habent
519 1951 720 2007 terras
771 1952 838 2007 et
887 1941 1172 2009 redditus
1223 1942 1305 2008 ad
1355 1941 1697 2011 valentiam
1748 1940 2089 2007 comitatus
2134 1939 2240 2009 vel

229 2060 508 2125 baroniae
559 2060 844 2147 integrae,
891 2060 1188 2128 videlicet
1234 2060 1467 2149 viginti
1516 2060 1703 2127 feoda
1752 2060 1944 2126 unius
1994 2058 2235 2137 militis,

235 2178 528 2263 quolibet
600 2179 784 2245 feodo
858 2190 1228 2266 computato
1300 2181 1381 2245 ad
1447 2180 1680 2267 viginti
1737 2180 2017 2258 libratae,
2095 2201 2238 2267 quae

231 2298 479 2364 faciunt
509 2299 1007 2387 quadringentas
1049 2298 1314 2365 libratas
1356 2297 1425 2363 in
1463 2308 1623 2377 tote,
1656 2300 1759 2365 vel
1788 2300 1870 2365 ad
1896 2298 2241 2366 valentiam

233 2420 425 2488 unius
496 2419 774 2486 baroniae
846 2422 1133 2509 integrae,
1201 2420 1441 2487 scilicet
1505 2420 1841 2513 tresdecim
1912 2419 2100 2487 feoda
2174 2430 2241 2487 et

233 2543 491 2610 tertiam
518 2552 767 2630 partem
805 2541 998 2609 unius
1037 2542 1210 2609 feodi
1249 2542 1488 2621 militie,
1537 2541 1825 2630 quolibet
1854 2540 2041 2608 feodo
2070 2563 2241 2608 com-

231 2673 458 2751 putato
488 2665 570 2731 ad
599 2663 832 2752 viginti
858 2663 1138 2742 libratae,
1173 2686 1316 2749 quae
1357 2662 1607 2730 faciunt
1650 2663 1721 2729 in
1760 2674 1900 2731 toto
1940 2663 2246 2751 quadrin-

231 2785 496 2873 gentas²
541 2807 824 2862 marcas;
851 2795 941 2850 -et
981 2784 1143 2849 nulli
1180 2785 1457 2851 minores
1506 2783 1655 2851 laici
1694 2786 2081 2851 summoneri
2122 2807 2243 2853 nec

231 2906 455 2974 venire
499 2905 734 2971 debent
783 2905 866 2969 ad
912 2905 1439 2983 Parliamentum,
1490 2904 1736 2971 ratione
1787 2915 2030 2971 tenurae
2088 2929 2241 2986 suae,

235 3025 360 3092 nisi
405 3047 626 3092 eorum
687 3023 1022 3112 praesentia
1079 3023 1218 3088 aliis
1268 3024 1348 3090 de
1399 3023 1607 3090 causis
1664 3024 1861 3091 fuerit
1916 3025 2095 3092 utilis
2138 3027 2245 3094 vel

236 3146 590 3214 necessaria
623 3147 707 3211 ad
736 3143 1260 3224 Parliamentum,
1293 3155 1362 3211 et
1391 3155 1549 3212 tunc
1588 3145 1669 3212 de
1709 3145 1835 3212 illis
1869 3147 2010 3215 fieri
2052 3148 2247 3215 debet

237 3269 403 3336 sicut
459 3269 706 3334 dictum
765 3276 864 3332 est
921 3267 1001 3332 de
1075 3264 1424 3332 minoribus
1486 3266 1751 3346 clericis,
1827 3268 1943 3355 qui
1997 3269 2245 3338 ratione

239 3400 481 3454 tenurae
523 3411 652 3454 suae
697 3387 778 3454 ad
808 3386 1315 3452 Parliamentum
1343 3386 1563 3454 venire
1589 3387 1849 3456 minime
1877 3398 2194 3457 tenentur.

739 3613 854 3677 Dm
898 3613 1326 3679 BAnomnus
1370 3615 1753 3681 Pommm.

364 3795 554 3873 Item,
631 3795 781 3861 Rex
853 3805 1111 3862 tenetur
1182 3797 1441 3863 mittere
1514 3797 1735 3864 brevia
1808 3820 1923 3862 sua
1994 3795 2243 3862 custodi

242 3914 550 3998 Quinque
597 3913 916 3980 Portuum
977 3914 1153 3999 quod
1210 3914 1345 4001 ipse
1405 3914 1597 4002 eligi⁸
1648 3914 1875 3980 faciat⁴
1935 3914 2015 3980 de
2083 3937 2243 3999 quo-

328 4109 344 4138 ¹
368 4107 529 4157 clerici
540 4129 556 4167 ς
587 4107 673 4158 the
694 4107 889 4158 earliest
909 4121 1021 4158 uss.
1046 4106 1099 4158 in
1119 4108 1353 4172 England
1372 4109 1492 4158 read
1512 4106 1657 4158 electi.

326 4189 348 4218 ¹
367 4187 739 4252 quadrinyentas
751 4209 768 4247 ς
801 4203 936 4237 some
958 4202 1071 4237 uss·
1095 4189 1215 4238 read
1233 4187 1573 4252 quadraqinta.

329 4271 350 4302 ³
369 4268 480 4335 eliyi
491 4290 507 4328 ς
541 4285 676 4320 some
697 4283 810 4320 uss.
834 4271 954 4320 read
973 4267 1154 4334 eliyere.

327 4353 345 4380 ⁴
367 4351 497 4413 quod
527 4351 629 4416 ipse
661 4348 772 4415 eliqi
801 4350 1002 4414 facim,-
1047 4364 1183 4400 some
1215 4363 1328 4400 uss.
1364 4351 1483 4401 read
1528 4347 1655 4414 quod
1683 4349 1781 4414 ipsi
1810 4346 1923 4414 eliyi
1950 4347 2158 4413 faciant
2186 4363 2246 4399 or

228 4433 467 4495 sacen-ent.
539 4467 546 4472 -

1179 4537 1312 4595 134
